<?xml version="1.0" encoding="UTF-8"?>
<!DOCTYPE html PUBLIC "-//W3C//DTD XHTML 1.0 Transitional//EN"
    "http://www.w3.org/TR/xhtml1/DTD/xhtml1-transitional.dtd">
<html xmlns="http://www.w3.org/1999/xhtml" xml:lang="en" lang="en">
 <head>
  <title>
</title>
<meta http-equiv="Content-Type" content="text/html;charset=utf-8" />
  <meta name='ocr-system' content='tesseract 3.04.00' />
  <meta name='ocr-capabilities' content='ocr_page ocr_carea ocr_par ocr_line ocrx_word'/>
</head>
<body>
  <div class='ocr_page' id='page_1' title='image "./dissertatiojuri00moorgoog_0095.png"; bbox 0 0 2506 4852; ppageno 0'>
   <div class='ocr_carea' id='block_1_1' title="bbox 603 386 654 466">
    <p class='ocr_par' dir='ltr' id='par_1_1' title="bbox 603 386 654 466">
     <span class='ocr_line' id='line_1_1' title="bbox 603 386 654 466; baseline 0 0"><span class='ocrx_word' id='word_1_1' title='bbox 603 386 654 466; x_wconf 87' lang='grc'><strong>78</strong></span> 
     </span>
    </p>
   </div>
   <div class='ocr_carea' id='block_1_2' title="bbox 33 585 1167 2647">
    <p class='ocr_par' dir='ltr' id='par_1_2' title="bbox 33 585 1128 1302">
     <span class='ocr_line' id='line_1_2' title="bbox 120 585 1127 685; baseline -0.001 -22"><span class='ocrx_word' id='word_1_2' title='bbox 120 589 280 665; x_wconf 86' lang='lat' dir='ltr'><strong>favorem</strong></span> <span class='ocrx_word' id='word_1_3' title='bbox 323 586 419 661; x_wconf 89' lang='lat' dir='ltr'><strong>illius</strong></span> <span class='ocrx_word' id='word_1_4' title='bbox 464 585 769 678; x_wconf 79' lang='lat' dir='ltr'><strong>contrahentium,</strong></span> <span class='ocrx_word' id='word_1_5' title='bbox 816 585 877 685; x_wconf 89' lang='lat' dir='ltr'><strong>qui</strong></span> <span class='ocrx_word' id='word_1_6' title='bbox 918 585 1012 660; x_wconf 86' lang='lat' dir='ltr'><strong>bona</strong></span> <span class='ocrx_word' id='word_1_7' title='bbox 1053 586 1127 663; x_wconf 83' lang='lat' dir='ltr'><strong>fide.</strong></span> 
     </span>
     <span class='ocr_line' id='line_1_3' title="bbox 121 709 1124 812; baseline -0.003 -26"><span class='ocrx_word' id='word_1_8' title='bbox 121 713 257 812; x_wconf 74' lang='lat' dir='ltr'><strong>egerit,</strong></span> <span class='ocrx_word' id='word_1_9' title='bbox 293 738 401 811; x_wconf 89' lang='lat' dir='ltr'><strong>quam</strong></span> <span class='ocrx_word' id='word_1_10' title='bbox 433 709 631 786; x_wconf 88' lang='lat' dir='ltr'><strong>liberorum</strong></span> <span class='ocrx_word' id='word_1_11' title='bbox 655 737 698 785; x_wconf 84' lang='lat' dir='ltr'><strong>ex</strong></span> <span class='ocrx_word' id='word_1_12' title='bbox 721 710 766 784; x_wconf 90' lang='lat' dir='ltr'><strong>iis</strong></span> <span class='ocrx_word' id='word_1_13' title='bbox 789 723 965 786; x_wconf 84' lang='lat' dir='ltr'><strong>natorum.</strong></span> <span class='ocrx_word' id='word_1_14' title='bbox 1024 712 1124 784; x_wconf 82' lang='lat' dir='ltr'><strong>Inter</strong></span> 
     </span>
     <span class='ocr_line' id='line_1_4' title="bbox 115 833 1126 935; baseline -0.002 -29"><span class='ocrx_word' id='word_1_15' title='bbox 115 837 294 935; x_wconf 87' lang='lat' dir='ltr'><strong>justarum</strong></span> <span class='ocrx_word' id='word_1_16' title='bbox 325 834 530 934; x_wconf 84' lang='lat' dir='ltr'><strong>nuptiarum</strong></span> <span class='ocrx_word' id='word_1_17' title='bbox 562 833 707 908; x_wconf 85' lang='lat' dir='ltr'><strong>effectus</strong></span> <span class='ocrx_word' id='word_1_18' title='bbox 730 834 923 934; x_wconf 87' lang='lat' dir='ltr'><strong>praecipue</strong></span> <span class='ocrx_word' id='word_1_19' title='bbox 947 833 1126 923; x_wconf 86' lang='lat' dir='ltr'><strong>occurrit,</strong></span> 
     </span>
     <span class='ocr_line' id='line_1_5' title="bbox 120 955 1127 1061; baseline -0.003 -32"><span class='ocrx_word' id='word_1_20' title='bbox 120 956 215 1059; x_wconf 84' lang='lat' dir='ltr'><strong>quod</strong></span> <span class='ocrx_word' id='word_1_21' title='bbox 258 956 428 1031; x_wconf 88' lang='lat' dir='ltr'><strong>secundae</strong></span> <span class='ocrx_word' id='word_1_22' title='bbox 465 956 608 1061; x_wconf 85' lang='lat' dir='ltr'><strong>nuptiae</strong></span> <span class='ocrx_word' id='word_1_23' title='bbox 645 957 863 1056; x_wconf 85' lang='lat' dir='ltr'><strong>aliquantum</strong></span> <span class='ocrx_word' id='word_1_24' title='bbox 899 955 1127 1030; x_wconf 89' lang='lat' dir='ltr'><strong>circumscri-</strong></span> 
     </span>
     <span class='ocr_line' id='line_1_6' title="bbox 33 1078 1128 1183; baseline 0.001 -33"><span class='ocrx_word' id='word_1_25' title='bbox 33 1151 39 1159; x_wconf 81' lang='grc'>,</span> <span class='ocrx_word' id='word_1_26' title='bbox 119 1078 270 1170; x_wconf 86' lang='lat' dir='ltr'><strong>bantur,</strong></span> <span class='ocrx_word' id='word_1_27' title='bbox 294 1078 333 1150; x_wconf 92' lang='lat' dir='ltr'><strong>in</strong></span> <span class='ocrx_word' id='word_1_28' title='bbox 357 1079 519 1153; x_wconf 84' lang='lat' dir='ltr'><strong>favorem</strong></span> <span class='ocrx_word' id='word_1_29' title='bbox 542 1078 810 1178; x_wconf 76' lang='lat' dir='ltr'><strong>privignorum,</strong></span> <span class='ocrx_word' id='word_1_30' title='bbox 835 1092 872 1151; x_wconf 89' lang='lat' dir='ltr'><strong>et</strong></span> <span class='ocrx_word' id='word_1_31' title='bbox 895 1091 1059 1183; x_wconf 86' lang='lat' dir='ltr'><strong>parentes</strong></span> <span class='ocrx_word' id='word_1_32' title='bbox 1083 1103 1128 1151; x_wconf 90' lang='lat' dir='ltr'><strong>eo</strong></span> 
     </span>
     <span class='ocr_line' id='line_1_7' title="bbox 120 1198 925 1302; baseline 0.004 -28"><span class='ocrx_word' id='word_1_33' title='bbox 120 1198 247 1292; x_wconf 90' lang='lat' dir='ltr'><strong>modo,</strong></span> <span class='ocrx_word' id='word_1_34' title='bbox 281 1227 388 1302; x_wconf 89' lang='lat' dir='ltr'><strong>quem</strong></span> <span class='ocrx_word' id='word_1_35' title='bbox 413 1199 661 1300; x_wconf 86' lang='lat' dir='ltr'><strong>descripsimus</strong></span> <span class='ocrx_word' id='word_1_36' title='bbox 686 1203 925 1279; x_wconf 74' lang='lat' dir='ltr'><strong>coerceantur.</strong></span> 
     </span>
    </p>

    <p class='ocr_par' dir='ltr' id='par_1_3' title="bbox 119 1320 1167 2647">
     <span class='ocr_line' id='line_1_8' title="bbox 167 1320 1129 1423; baseline -0.004 -27"><span class='ocrx_word' id='word_1_37' title='bbox 167 1325 267 1422; x_wconf 73' lang='lat' dir='ltr'><strong>Ergo</strong></span> <span class='ocrx_word' id='word_1_38' title='bbox 302 1324 331 1394; x_wconf 91' lang='lat' dir='ltr'><strong>si</strong></span> <span class='ocrx_word' id='word_1_39' title='bbox 364 1324 442 1422; x_wconf 90' lang='lat' dir='ltr'><strong>quis</strong></span> <span class='ocrx_word' id='word_1_40' title='bbox 465 1321 551 1397; x_wconf 80' lang='lat' dir='ltr'><strong>bonu</strong></span> <span class='ocrx_word' id='word_1_41' title='bbox 565 1322 639 1422; x_wconf 80' lang='lat' dir='ltr'><strong>fide</strong></span> <span class='ocrx_word' id='word_1_42' title='bbox 661 1322 784 1396; x_wconf 86' lang='lat' dir='ltr'><strong>inierit</strong></span> <span class='ocrx_word' id='word_1_43' title='bbox 806 1320 970 1423; x_wconf 84' lang='lat' dir='ltr'><strong>nuptias,</strong></span> <span class='ocrx_word' id='word_1_44' title='bbox 1004 1332 1129 1420; x_wconf 88' lang='lat' dir='ltr'><strong>postea</strong></span> 
     </span>
     <span class='ocr_line' id='line_1_9' title="bbox 119 1444 1130 1547; baseline -0.005 -27"><span class='ocrx_word' id='word_1_45' title='bbox 119 1446 232 1520; x_wconf 91' lang='lat' dir='ltr'><strong>nullas</strong></span> <span class='ocrx_word' id='word_1_46' title='bbox 267 1444 482 1539; x_wconf 85' lang='lat' dir='ltr'><strong>declaratas,</strong></span> <span class='ocrx_word' id='word_1_47' title='bbox 519 1460 555 1521; x_wconf 92' lang='lat' dir='ltr'><strong>et</strong></span> <span class='ocrx_word' id='word_1_48' title='bbox 588 1444 670 1520; x_wconf 90' lang='lat' dir='ltr'><strong>inde</strong></span> <span class='ocrx_word' id='word_1_49' title='bbox 705 1446 839 1520; x_wconf 89' lang='lat' dir='ltr'><strong>liberos</strong></span> <span class='ocrx_word' id='word_1_50' title='bbox 862 1444 1130 1547; x_wconf 86' lang='lat' dir='ltr'><strong>procreaverit,</strong></span> 
     </span>
     <span class='ocr_line' id='line_1_10' title="bbox 119 1546 1129 1669; baseline -0.002 -28"><span class='ocrx_word' id='word_1_51' title='bbox 119 1570 262 1669; x_wconf 83' lang='lat' dir='ltr'><strong>nuptiae</strong></span> <span class='ocrx_word' id='word_1_52' title='bbox 309 1584 494 1668; x_wconf 87' lang='lat' dir='ltr'><strong>sequentes</strong></span> <span class='ocrx_word' id='word_1_53' title='bbox 537 1546 668 1642; x_wconf 84' lang='lat' dir='ltr'><strong>merito</strong></span> <span class='ocrx_word' id='word_1_54' title='bbox 709 1567 942 1642; x_wconf 85' lang='lat' dir='ltr'><strong>secundarum</strong></span> <span class='ocrx_word' id='word_1_55' title='bbox 983 1565 1129 1639; x_wconf 90' lang='lat' dir='ltr'><strong>nomine</strong></span> 
     </span>
     <span class='ocr_line' id='line_1_11' title="bbox 121 1689 1130 1791; baseline -0.003 -26"><span class='ocrx_word' id='word_1_56' title='bbox 121 1692 337 1784; x_wconf 86' lang='lat' dir='ltr'><strong>afficientur,</strong></span> <span class='ocrx_word' id='word_1_57' title='bbox 375 1692 538 1791; x_wconf 87' lang='lat' dir='ltr'><strong>quamvis</strong></span> <span class='ocrx_word' id='word_1_58' title='bbox 572 1692 686 1765; x_wconf 91' lang='lat' dir='ltr'><strong>nullos</strong></span> <span class='ocrx_word' id='word_1_59' title='bbox 722 1692 868 1766; x_wconf 85' lang='lat' dir='ltr'><strong>effectus</strong></span> <span class='ocrx_word' id='word_1_60' title='bbox 893 1689 1016 1765; x_wconf 87' lang='lat' dir='ltr'><strong>civiles</strong></span> <span class='ocrx_word' id='word_1_61' title='bbox 1040 1715 1130 1789; x_wconf 91' lang='lat' dir='ltr'><strong>pro-</strong></span> 
     </span>
     <span class='ocr_line' id='line_1_12' title="bbox 120 1810 1167 1913; baseline 0.001 -29"><span class='ocrx_word' id='word_1_62' title='bbox 120 1812 249 1886; x_wconf 90' lang='lat' dir='ltr'><strong>ducant</strong></span> <span class='ocrx_word' id='word_1_63' title='bbox 283 1813 419 1887; x_wconf 88' lang='lat' dir='ltr'><strong>ratione</strong></span> <span class='ocrx_word' id='word_1_64' title='bbox 455 1813 543 1887; x_wconf 82' lang='lat' dir='ltr'><strong>molo</strong></span> <span class='ocrx_word' id='word_1_65' title='bbox 565 1814 639 1913; x_wconf 82' lang='lat' dir='ltr'><strong>fide</strong></span> <span class='ocrx_word' id='word_1_66' title='bbox 662 1812 926 1905; x_wconf 86' lang='lat' dir='ltr'><strong>contrahentis,</strong></span> <span class='ocrx_word' id='word_1_67' title='bbox 962 1824 999 1886; x_wconf 89' lang='lat' dir='ltr'><strong>et</strong></span> <span class='ocrx_word' id='word_1_68' title='bbox 1021 1810 1131 1885; x_wconf 88' lang='lat' dir='ltr'><strong>liberi</strong></span> <span class='ocrx_word' id='word_1_69' title='bbox 1165 1907 1167 1912; x_wconf 69' lang='lat'><strong>,</strong></span> 
     </span>
     <span class='ocr_line' id='line_1_13' title="bbox 119 1932 1131 2034; baseline -0.006 -26"><span class='ocrx_word' id='word_1_70' title='bbox 119 1934 201 2008; x_wconf 91' lang='lat' dir='ltr'><strong>inde</strong></span> <span class='ocrx_word' id='word_1_71' title='bbox 233 1936 331 2027; x_wconf 87' lang='lat' dir='ltr'><strong>nati,</strong></span> <span class='ocrx_word' id='word_1_72' title='bbox 369 1935 664 2034; x_wconf 88' lang='lat' dir='ltr'><strong>contemplatione</strong></span> <span class='ocrx_word' id='word_1_73' title='bbox 688 1934 790 2006; x_wconf 88' lang='lat' dir='ltr'><strong>istius</strong></span> <span class='ocrx_word' id='word_1_74' title='bbox 817 1932 999 2032; x_wconf 78' lang='lat' dir='ltr'><strong>conjugis,</strong></span> <span class='ocrx_word' id='word_1_75' title='bbox 1031 1940 1131 2027; x_wconf 73' lang='lat' dir='ltr'><strong>uotu-</strong></span> 
     </span>
     <span class='ocr_line' id='line_1_14' title="bbox 119 2055 1132 2158; baseline -0.004 -26"><span class='ocrx_word' id='word_1_76' title='bbox 119 2057 204 2132; x_wconf 79' lang='lat' dir='ltr'><strong>rales</strong></span> <span class='ocrx_word' id='word_1_77' title='bbox 236 2056 392 2132; x_wconf 89' lang='lat' dir='ltr'><strong>habendi</strong></span> <span class='ocrx_word' id='word_1_78' title='bbox 431 2058 522 2150; x_wconf 91' lang='lat' dir='ltr'><strong>sint,</strong></span> <span class='ocrx_word' id='word_1_79' title='bbox 554 2057 655 2158; x_wconf 87' lang='lat' dir='ltr'><strong>quasi</strong></span> <span class='ocrx_word' id='word_1_80' title='bbox 688 2084 730 2131; x_wconf 88' lang='lat' dir='ltr'><strong>ex</strong></span> <span class='ocrx_word' id='word_1_81' title='bbox 754 2056 880 2157; x_wconf 77' lang='lat' dir='ltr'><strong>quovis</strong></span> <span class='ocrx_word' id='word_1_82' title='bbox 905 2055 973 2128; x_wconf 92' lang='lat' dir='ltr'><strong>alio</strong></span> <span class='ocrx_word' id='word_1_83' title='bbox 999 2082 1132 2129; x_wconf 87' lang='lat' dir='ltr'><strong>concu-</strong></span> 
     </span>
     <span class='ocr_line' id='line_1_15' title="bbox 119 2180 1131 2282; baseline 0.001 -29"><span class='ocrx_word' id='word_1_84' title='bbox 119 2180 198 2256; x_wconf 87' lang='lat' dir='ltr'><strong>bitu</strong></span> <span class='ocrx_word' id='word_1_85' title='bbox 221 2181 425 2282; x_wconf 88' lang='lat' dir='ltr'><strong>procreati,</strong></span> <span class='ocrx_word' id='word_1_86' title='bbox 460 2207 654 2281; x_wconf 83' lang='lat' dir='ltr'><strong>eorumque</strong></span> <span class='ocrx_word' id='word_1_87' title='bbox 674 2180 817 2280; x_wconf 90' lang='lat' dir='ltr'><strong>juribus</strong></span> <span class='ocrx_word' id='word_1_88' title='bbox 841 2192 1008 2276; x_wconf 83' lang='lat' dir='ltr'><strong>utantur3</strong></span> <span class='ocrx_word' id='word_1_89' title='bbox 1046 2205 1131 2254; x_wconf 89' lang='lat' dir='ltr'><strong>nam</strong></span> 
     </span>
     <span class='ocr_line' id='line_1_16' title="bbox 119 2299 1131 2403; baseline -0.001 -26"><span class='ocrx_word' id='word_1_90' title='bbox 119 2303 205 2377; x_wconf 89' lang='lat' dir='ltr'><strong>licet</strong></span> <span class='ocrx_word' id='word_1_91' title='bbox 241 2303 388 2378; x_wconf 86' lang='lat' dir='ltr'><strong>effectus</strong></span> <span class='ocrx_word' id='word_1_92' title='bbox 419 2303 543 2381; x_wconf 79' lang='lat' dir='ltr'><strong>civiles</strong></span> <span class='ocrx_word' id='word_1_93' title='bbox 563 2304 741 2403; x_wconf 86' lang='lat' dir='ltr'><strong>justarum</strong></span> <span class='ocrx_word' id='word_1_94' title='bbox 766 2303 970 2403; x_wconf 87' lang='lat' dir='ltr'><strong>nuptiarum</strong></span> <span class='ocrx_word' id='word_1_95' title='bbox 994 2299 1131 2394; x_wconf 84' lang='lat' dir='ltr'><strong>desint,</strong></span> 
     </span>
     <span class='ocr_line' id='line_1_17' title="bbox 120 2423 1129 2523; baseline -0.002 -22"><span class='ocrx_word' id='word_1_96' title='bbox 120 2424 262 2501; x_wconf 84' lang='lat' dir='ltr'><strong>vincula</strong></span> <span class='ocrx_word' id='word_1_97' title='bbox 308 2439 426 2499; x_wconf 86' lang='lat' dir='ltr'><strong>tamen</strong></span> <span class='ocrx_word' id='word_1_98' title='bbox 473 2424 652 2523; x_wconf 77' lang='lat' dir='ltr'><strong>sanguinis</strong></span> <span class='ocrx_word' id='word_1_99' title='bbox 699 2423 821 2497; x_wconf 91' lang='lat' dir='ltr'><strong>dirimi</strong></span> <span class='ocrx_word' id='word_1_100' title='bbox 861 2449 931 2496; x_wconf 93' lang='lat' dir='ltr'><strong>non</strong></span> <span class='ocrx_word' id='word_1_101' title='bbox 973 2437 1129 2523; x_wconf 83' lang='lat' dir='ltr'><strong>possunt.</strong></span> 
     </span>
     <span class='ocr_line' id='line_1_18' title="bbox 119 2544 1130 2647; baseline -0.007 -21"><span class='ocrx_word' id='word_1_102' title='bbox 119 2549 343 2626; x_wconf 87' lang='lat' dir='ltr'><strong>Naturalium</strong></span> <span class='ocrx_word' id='word_1_103' title='bbox 376 2552 459 2647; x_wconf 86' lang='lat' dir='ltr'><strong>jura</strong></span> <span class='ocrx_word' id='word_1_104' title='bbox 483 2547 616 2647; x_wconf 89' lang='lat' dir='ltr'><strong>passim</strong></span> <span class='ocrx_word' id='word_1_105' title='bbox 639 2547 677 2619; x_wconf 90' lang='lat' dir='ltr'><strong>in</strong></span> <span class='ocrx_word' id='word_1_106' title='bbox 703 2544 832 2619; x_wconf 89' lang='lat' dir='ltr'><strong>Codice</strong></span> <span class='ocrx_word' id='word_1_107' title='bbox 857 2544 1130 2643; x_wconf 82' lang='lat' dir='ltr'><strong>describuntur3</strong></span> 
     </span>
    </p>
   </div>
   <div class='ocr_carea' id='block_1_3' title="bbox 120 2666 1162 2767">
    <p class='ocr_par' dir='ltr' id='par_1_4' title="bbox 120 2666 1162 2767">
     <span class='ocr_line' id='line_1_19' title="bbox 120 2666 1162 2767; baseline -0.005 -21"><span class='ocrx_word' id='word_1_108' title='bbox 120 2671 184 2746; x_wconf 87' lang='lat' dir='ltr'><strong>sed</strong></span> <span class='ocrx_word' id='word_1_109' title='bbox 228 2697 271 2744; x_wconf 85' lang='lat' dir='ltr'><strong>ex</strong></span> <span class='ocrx_word' id='word_1_110' title='bbox 312 2669 482 2745; x_wconf 85' lang='lat' dir='ltr'><strong>Articulis</strong></span> <span class='ocrx_word' id='word_1_111' title='bbox 516 2672 589 2745; x_wconf 82' lang='lat'><strong>756</strong></span> <span class='ocrx_word' id='word_1_112' title='bbox 627 2682 664 2743; x_wconf 89' lang='lat' dir='ltr'><strong>et</strong></span> <span class='ocrx_word' id='word_1_113' title='bbox 697 2666 769 2745; x_wconf 87' lang='grc'><strong>757</strong></span> <span class='ocrx_word' id='word_1_114' title='bbox 807 2668 890 2741; x_wconf 91' lang='lat' dir='ltr'><strong>satis</strong></span> <span class='ocrx_word' id='word_1_115' title='bbox 925 2681 1023 2767; x_wconf 89' lang='lat' dir='ltr'><strong>patet</strong></span> <span class='ocrx_word' id='word_1_116' title='bbox 1059 2668 1162 2741; x_wconf 68' lang='lat' dir='ltr'><strong>illia</strong></span> 
     </span>
    </p>
   </div>
   <div class='ocr_carea' id='block_1_4' title="bbox 60 2789 1171 3633">
    <p class='ocr_par' dir='ltr' id='par_1_5' title="bbox 120 2789 1133 3137">
     <span class='ocr_line' id='line_1_20' title="bbox 120 2789 1133 2895; baseline -0.006 -28"><span class='ocrx_word' id='word_1_117' title='bbox 120 2819 315 2895; x_wconf 78' lang='lat' dir='ltr'><strong>numquam</strong></span> <span class='ocrx_word' id='word_1_118' title='bbox 351 2805 553 2892; x_wconf 87' lang='lat' dir='ltr'><strong>competere</strong></span> <span class='ocrx_word' id='word_1_119' title='bbox 584 2793 643 2891; x_wconf 89' lang='lat' dir='ltr'><strong>jus</strong></span> <span class='ocrx_word' id='word_1_120' title='bbox 678 2789 801 2864; x_wconf 89' lang='lat' dir='ltr'><strong>utendi</strong></span> <span class='ocrx_word' id='word_1_121' title='bbox 831 2789 1005 2882; x_wconf 87' lang='lat' dir='ltr'><strong>beneficio</strong></span> <span class='ocrx_word' id='word_1_122' title='bbox 1027 2790 1133 2863; x_wconf 84' lang='lat' dir='ltr'><strong>Arti-</strong></span> 
     </span>
     <span class='ocr_line' id='line_1_21' title="bbox 122 2908 1133 3011; baseline -0.009 -20"><span class='ocrx_word' id='word_1_123' title='bbox 122 2917 193 2991; x_wconf 93' lang='lat' dir='ltr'><strong>culi</strong></span> <span class='ocrx_word' id='word_1_124' title='bbox 231 2917 347 3006; x_wconf 85' lang='lat'><strong>1098,</strong></span> <span class='ocrx_word' id='word_1_125' title='bbox 384 2915 414 2987; x_wconf 94' lang='lat' dir='ltr'><strong>si</strong></span> <span class='ocrx_word' id='word_1_126' title='bbox 449 2911 576 2988; x_wconf 89' lang='lat' dir='ltr'><strong>deinde</strong></span> <span class='ocrx_word' id='word_1_127' title='bbox 611 2912 678 2986; x_wconf 86' lang='lat' dir='ltr'><strong>iste</strong></span> <span class='ocrx_word' id='word_1_128' title='bbox 714 2913 840 3011; x_wconf 86' lang='lat' dir='ltr'><strong>conjux</strong></span> <span class='ocrx_word' id='word_1_129' title='bbox 875 2908 919 2983; x_wconf 84' lang='lat' dir='ltr'><strong>ad</strong></span> <span class='ocrx_word' id='word_1_130' title='bbox 954 2908 1022 2984; x_wconf 89' lang='lat' dir='ltr'><strong>alia</strong></span> <span class='ocrx_word' id='word_1_131' title='bbox 1057 2911 1133 2982; x_wconf 87' lang='lat' dir='ltr'><strong>mi-</strong></span> 
     </span>
     <span class='ocr_line' id='line_1_22' title="bbox 122 3036 517 3137; baseline 0 -26"><span class='ocrx_word' id='word_1_132' title='bbox 122 3038 284 3137; x_wconf 76' lang='lat' dir='ltr'><strong>graverit</strong></span> <span class='ocrx_word' id='word_1_133' title='bbox 320 3050 403 3110; x_wconf 85' lang='lat' dir='ltr'><strong>vota</strong></span> <span class='ocrx_word' id='word_1_134' title='bbox 442 3036 517 3136; x_wconf 84' lang='lat'><strong>(1).</strong></span> 
     </span>
    </p>

    <p class='ocr_par' dir='ltr' id='par_1_6' title="bbox 60 3153 1171 3633">
     <span class='ocr_line' id='line_1_23' title="bbox 60 3153 1171 3261; baseline -0.009 -22"><span class='ocrx_word' id='word_1_135' title='bbox 60 3232 62 3239; x_wconf 75' lang='grc'><strong>,</strong></span> <span class='ocrx_word' id='word_1_136' title='bbox 169 3165 225 3235; x_wconf 86' lang='lat' dir='ltr'><strong>Ex</strong></span> <span class='ocrx_word' id='word_1_137' title='bbox 259 3159 388 3261; x_wconf 87' lang='lat' dir='ltr'><strong>quihus</strong></span> <span class='ocrx_word' id='word_1_138' title='bbox 422 3156 510 3231; x_wconf 90' lang='lat' dir='ltr'><strong>mihi</strong></span> <span class='ocrx_word' id='word_1_139' title='bbox 543 3157 627 3231; x_wconf 90' lang='lat' dir='ltr'><strong>satis</strong></span> <span class='ocrx_word' id='word_1_140' title='bbox 650 3157 801 3257; x_wconf 83' lang='lat' dir='ltr'><strong>probata</strong></span> <span class='ocrx_word' id='word_1_141' title='bbox 826 3153 990 3246; x_wconf 86' lang='lat' dir='ltr'><strong>videtur,</strong></span> <span class='ocrx_word' id='word_1_142' title='bbox 1025 3181 1133 3254; x_wconf 85' lang='lat' dir='ltr'><strong>quam</strong></span> <span class='ocrx_word' id='word_1_143' title='bbox 1167 3196 1171 3210; x_wconf 92' lang='lat'><em>·</em></span> 
     </span>
     <span class='ocr_line' id='line_1_24' title="bbox 122 3278 1134 3381; baseline -0.008 -23"><span class='ocrx_word' id='word_1_144' title='bbox 122 3286 160 3360; x_wconf 91' lang='lat' dir='ltr'><strong>in</strong></span> <span class='ocrx_word' id='word_1_145' title='bbox 184 3282 451 3359; x_wconf 88' lang='lat' dir='ltr'><strong>Introductionc</strong></span> <span class='ocrx_word' id='word_1_146' title='bbox 475 3281 681 3381; x_wconf 90' lang='lat' dir='ltr'><strong>posuimus,</strong></span> <span class='ocrx_word' id='word_1_147' title='bbox 719 3278 829 3352; x_wconf 88' lang='lat' dir='ltr'><strong>thesis</strong></span> <span class='ocrx_word' id='word_1_148' title='bbox 865 3305 1013 3379; x_wconf 89' lang='lat' dir='ltr'><strong>nempe:</strong></span> <span class='ocrx_word' id='word_1_149' title='bbox 1046 3304 1134 3351; x_wconf 82' lang='lat' dir='ltr'><strong>oon-</strong></span> 
     </span>
     <span class='ocr_line' id='line_1_25' title="bbox 122 3400 1133 3509; baseline -0.007 -28"><span class='ocrx_word' id='word_1_150' title='bbox 122 3434 298 3509; x_wconf 80' lang='lat' dir='ltr'><strong>uumquom</strong></span> <span class='ocrx_word' id='word_1_151' title='bbox 343 3404 508 3494; x_wconf 82' lang='lat' dir='ltr'><strong>occidere,</strong></span> <span class='ocrx_word' id='word_1_152' title='bbox 555 3403 694 3506; x_wconf 65' lang='lat' dir='ltr'><strong>alrpuem</strong></span> <span class='ocrx_word' id='word_1_153' title='bbox 738 3409 820 3474; x_wconf 81' lang='lat' dir='ltr'><strong>recte</strong></span> <span class='ocrx_word' id='word_1_154' title='bbox 866 3400 932 3474; x_wconf 72' lang='lat' dir='ltr'><strong>dui</strong></span> <span class='ocrx_word' id='word_1_155' title='bbox 976 3400 1133 3474; x_wconf 82' lang='lat' dir='ltr'><strong>secundus</strong></span> 
     </span>
     <span class='ocr_line' id='line_1_26' title="bbox 106 3521 1134 3633; baseline -0.01 -27"><span class='ocrx_word' id='word_1_156' title='bbox 106 3530 228 3607; x_wconf 82' lang='lat' dir='ltr'><strong>.iniisse</strong></span> <span class='ocrx_word' id='word_1_157' title='bbox 276 3527 426 3633; x_wconf 83' lang='lat' dir='ltr'><strong>nuptias,</strong></span> <span class='ocrx_word' id='word_1_158' title='bbox 475 3524 620 3628; x_wconf 69' lang='lat' dir='ltr'><strong>quumvis</strong></span> <span class='ocrx_word' id='word_1_159' title='bbox 665 3532 760 3598; x_wconf 81' lang='lat' dir='ltr'><strong>anteo</strong></span> <span class='ocrx_word' id='word_1_160' title='bbox 804 3522 892 3597; x_wconf 84' lang='lat' dir='ltr'><strong>nullo</strong></span> <span class='ocrx_word' id='word_1_161' title='bbox 928 3521 1134 3597; x_wconf 74' lang='lat' dir='ltr'><strong>matrimonio</strong></span> 
     </span>
    </p>
   </div>
   <div class='ocr_carea' id='block_1_5' title="bbox 122 3803 385 3823">
    <p class='ocr_par' dir='ltr' id='par_1_7' title="bbox 122 3803 385 3823">
     <span class='ocr_line' id='line_1_27' title="bbox 122 3803 385 3823; baseline -0.027 0"><span class='ocrx_word' id='word_1_162' title='bbox 122 3803 385 3823; x_wconf 41' lang='grc' dir='ltr'><strong>μ</strong></span> 
     </span>
    </p>
   </div>
   <div class='ocr_carea' id='block_1_6' title="bbox 128 3962 1131 4135">
    <p class='ocr_par' dir='ltr' id='par_1_8' title="bbox 128 3962 1131 4135">
     <span class='ocr_line' id='line_1_28' title="bbox 128 3962 1131 4048; baseline -0.017 -17"><span class='ocrx_word' id='word_1_163' title='bbox 128 3978 169 4048; x_wconf 86' lang='grc'><strong>(1)</strong></span> <span class='ocrx_word' id='word_1_164' title='bbox 194 3975 372 4030; x_wconf 80' lang='lat' dir='ltr'><strong>Conferamus</strong></span> <span class='ocrx_word' id='word_1_165' title='bbox 398 3971 531 4023; x_wconf 71' lang='lat' dir='ltr'><strong>Zrouunrii</strong></span> <span class='ocrx_word' id='word_1_166' title='bbox 548 3967 587 4021; x_wconf 91' lang='lat' dir='ltr'><strong>Ill</strong></span> <span class='ocrx_word' id='word_1_167' title='bbox 614 3969 708 4035; x_wconf 55' lang='grc'><strong>9465.</strong></span> <span class='ocrx_word' id='word_1_168' title='bbox 753 3965 892 4019; x_wconf 70' lang='lat' dir='ltr'><strong>Doriscos</strong></span> <span class='ocrx_word' id='word_1_169' title='bbox 911 3967 953 4018; x_wconf 86' lang='lat' dir='ltr'><strong>tit.</strong></span> <span class='ocrx_word' id='word_1_170' title='bbox 972 3964 1005 4017; x_wconf 88' lang='lat' dir='ltr'><strong>de</strong></span> <span class='ocrx_word' id='word_1_171' title='bbox 1024 3962 1131 4032; x_wconf 81' lang='lat' dir='ltr'><strong>Nuptiis</strong></span> 
     </span>
     <span class='ocr_line' id='line_1_29' title="bbox 193 4059 843 4135; baseline -0.017 -15"><span class='ocrx_word' id='word_1_172' title='bbox 193 4085 224 4119; x_wconf 79' lang='lat' dir='ltr'><strong>nn</strong></span> <span class='ocrx_word' id='word_1_173' title='bbox 242 4068 293 4120; x_wconf 76' lang='lat' dir='ltr'><strong>uls</strong></span> <span class='ocrx_word' id='word_1_174' title='bbox 310 4082 386 4135; x_wconf 81' lang='lat' dir='ltr'><strong>seqq.</strong></span> <span class='ocrx_word' id='word_1_175' title='bbox 424 4061 556 4115; x_wconf 73' lang='lat' dir='ltr'><strong>Tostrina</strong></span> <span class='ocrx_word' id='word_1_176' title='bbox 573 4061 593 4114; x_wconf 89' lang='lat'><strong>1.</strong></span> <span class='ocrx_word' id='word_1_177' title='bbox 612 4059 632 4112; x_wconf 86' lang='lat' dir='ltr'><strong>l.</strong></span> <span class='ocrx_word' id='word_1_178' title='bbox 651 4076 681 4114; x_wconf 70' lang='lat' dir='ltr'><strong>uo</strong></span> <span class='ocrx_word' id='word_1_179' title='bbox 699 4061 749 4113; x_wconf 81' lang='lat'><strong>653</strong></span> <span class='ocrx_word' id='word_1_180' title='bbox 767 4077 843 4128; x_wconf 81' lang='lat' dir='ltr'><strong>seqq.</strong></span> 
     </span>
    </p>
   </div>
   <div class='ocr_carea' id='block_1_7' title="bbox 0 0 1266 4852">
    <p class='ocr_par' dir='ltr' id='par_1_9' title="bbox 0 0 1266 4852">
     <span class='ocr_line' id='line_1_30' title="bbox 0 0 1266 4852; baseline 0 0"><span class='ocrx_word' id='word_1_181' title='bbox 0 0 1266 4852; x_wconf 95' lang='lat' dir='ltr'><strong> </strong></span> 
     </span>
    </p>
   </div>
  </div>
 </body>
</html>
