2506 4852
575 366 624 451 lt

91 570 309 646 auctoritatis
345 568 449 668 hujus
488 566 629 660 Edicti,
676 592 742 643 nec
784 589 853 643 non
893 568 1026 643 multae
1061 581 1098 642 et

90 720 218 794 graves
242 691 465 794 quaestiones
488 705 587 765 ortae
612 703 694 763 sunt
719 689 793 792 (l).

139 816 263 890 Verbo
306 813 520 888 monendum
561 825 672 886 restat
706 811 749 886 de
786 813 1008 913 quaestione:
1055 839 1099 886 aa

89 936 248 1012 Edictum
280 935 360 1009 anni
380 939 478 1010 5560
502 934 536 1007 in
560 941 659 1008 tolum
684 933 959 1009 consuebtdint'bua
984 934 1100 1034 (Cou-

89 1056 207 1154 tumes)
245 1055 446 1158 abrogasti?
506 1058 561 1130 Ex
592 1057 784 1157 postremis
808 1056 931 1132 verbis
956 1054 1100 1130 secundi

90 1181 238 1282 capitis,
275 1179 402 1279 quibus
437 1205 566 1279 nempe
601 1179 774 1254 foeminae
807 1206 879 1253 non
913 1181 1028 1280 major
1052 1178 1102 1250 li·-

88 1302 211 1376 bertas
246 1297 471 1392 conceditur,
507 1326 616 1400 quam
652 1326 744 1400 quae
782 1299 1101 1375 Consuetudinibus

90 1426 125 1500 ei
158 1423 330 1515 dabatur,
367 1436 405 1496 ct
436 1421 533 1523 quod
562 1422 630 1496 hoc
660 1421 790 1498 Edicto
812 1449 883 1497 non
908 1425 1100 1523 abrogatur

90 1543 410 1621 Consuetudinibus
443 1543 482 1615 in
514 1558 685 1643 quantum
718 1546 893 1621 faeminae
913 1527 961 1619 iis
986 1546 1101 1646 magis

88 1669 356 1767 adstringantur
382 1665 465 1767 (2),
489 1680 613 1766 patere
637 1654 728 1740 mihi
751 1668 916 1762 videtur,
942 1670 1120 1744 consue--

87 1793 274 1866 tudinibus
321 1787 536 1889 generaliter
581 1789 725 1890 quidem
772 1792 983 1892 abrogatum
1026 1819 1101 1866 esse

89 1916 158 1989 hoc
181 1913 329 2004 Edicto,
366 1911 523 2011 exceptis
547 1924 668 1985 tamen
693 1912 853 2006 casibus,
887 1914 1015 2016 quibus
1041 1941 1103 1990 re-

92 2038 175 2138 gula
199 2065 220 2111 a
243 2034 448 2136 legislatore
475 2033 611 2134 adjecta
635 2032 818 2113 observari
842 2050 970 2138 potest.

117 2161 198 2232 'De
229 2157 369 2258 legibus
402 2155 699 2251 intermediariis,
735 2184 865 2259 nempe
900 2160 966 2232 sub
991 2186 1103 2260 repu-

94 2280 188 2355 blica
210 2281 313 2374 latis,
344 2305 415 2355 non
439 2294 494 2356 est
516 2278 612 2382 quod
634 2282 852 2382 loquamurz'
877 2264 981 2361 brevi
1007 2285 1103 2359 euim

92 2417 230 2478 tantum
263 2405 455 2503 viguerunt
492 2416 528 2476 et
563 2428 646 2477 mox
680 2402 811 2477 Codice
846 2406 1102 2505 Napoleontico

91 2526 207 2600 denuo
239 2526 407 2602 universe
440 2525 632 2624 abrogatae
664 2538 755 2600 sunt.

531 2874 686 2894 ——un—

403 3217 413 3239 ,
449 3141 631 3226 sturlo
665 3141 747 3224 ΠΙ.

289 3357 353 3409 De
367 3354 470 3409 Iure
486 3354 646 3419 usuque
662 3352 912 3407 Hellandtco.

147 3668 230 3740 Jam
263 3666 307 3740 ad
340 3680 476 3741 nostras
501 3668 702 3766 provincias
727 3664 1030 3768 transgredimur,
1064 3666 1102 3740 in

97 3962 140 4030 (1)
168 3960 290 4013 Garama
307 3960 327 4011 l.
344 3959 365 4012 l.

98 4052 140 4120 (2)
165 4051 268 4103 llnaur
289 4051 309 4102 l.
327 4051 346 4102 1.
