2506 4852
661 352 711 432 lo

64 644 65 651 ἵ
176 572 327 648 quarum
380 561 499 623 tamen
554 549 773 649 singularum
817 555 917 652 jura'
948 553 1180 629 secundarum

176 670 379 769 nuptiarum
427 669 611 768 speciatim
652 672 856 772 inquirere,
908 673 1032 749 inutile
1073 677 1177 751 foret.

175 791 369 866 Videamus
418 805 536 866 autem
580 805 716 866 tautum
757 792 842 894 quid
871 795 962 894 J'uris
998 796 1107 870 fuerit
1141 798 1179 869 in

96 939 101 950 ·
174 916 379 1017 provincie,
403 914 550 1016 proprie
575 913 690 1009 dicta,
714 916 924 1016 Hollandia3
949 922 1048 1020 cujus
1071 922 1181 1020 quip-

173 1068 219 1141 pe
258 1040 368 1139 leges
411 1036 523 1112 adhuc
569 1038 802 1114 observantur
848 1041 886 1113 in
924 1039 1025 1135 India
1060 1056 1180 1115 nostra

168 1162 361 1239 Orientali.
798 1255 801 1260 .

225 1286 328 1360 Licet
360 1285 385 1357 J
386 1309 427 1357 us
462 1286 684 1378 Romanum,
719 1286 810 1361 sicut
834 1316 853 1362 a
879 1290 902 1360 J
904 1290 1079 1362 ustiniano
1104 1290 1180 1364 ool-

171 1392 326 1500 lectum,
362 1407 494 1508 quippe
519 1407 691 1509 sapientia
716 1424 752 1483 et
776 1411 952 1512 aequitate
978 1393 1180 1505 abundans,

170 1530 260 1603 olim
303 1530 341 1602 in
388 1530 518 1601 nostris
560 1530 765 1628 regionibus
800 1531 990 1630 allegatum
1027 1533 1094 1622 sit,
1141 1547 1182 1605 ut

172 1649 374 1750 exemplum
395 1648 579 1749 justitiae,
606 1663 642 1723 et
662 1663 788 1758 postea
806 1651 861 1725 ita
886 1679 951 1725 usu
975 1667 1180 1754 receptum,

171 1787 212 1846 ut
245 1773 321 1848 vim
350 1771 440 1871 legis
467 1771 752 1874 acciperet-(l)3
786 1786 907 1848 tamen
929 1776 985 1851 ris
1011 1779 1086 1876 ejus
1109 1803 1181 1850 non

170 1921 317 1998 prorsus
362 1892 544 2000 indefinita
589 1896 666 1969 fuit.
743 1898 905 1970 Decretis
942 1901 1040 1972 enim
1078 1900 1180 1972 ordi-

169 2049 256 2094 num
292 2016 523 2100 Geueralium
559 2018 618 2092 vel
652 2017 862 2119 Principum
896 2020 941 2094 iis
977 2020 1180 2120 abrogaba-

169 2156 229 2215 tur
241 2170 252 2237 3
288 2165 404 2240 neque
440 2139 465 2211 J
467 2139 541 2212 uris
570 2139 728 2219 [Romani
765 2165 868 2214 causa
901 2139 1179 2216 recedebatura

171 2262 383 2364 specialibus
409 2258 728 2335 consuetudinibus
756 2259 829 2362 (2).
888 2264 912 2337 J
914 2290 954 2336 us
978 2268 1179 2339 Romanum

169 2392 314 2476 autem,
352 2381 462 2483 quodr
480 2382 519 2455 in
555 2394 675 2455 nostra
710 2384 826 2481 patria
861 2382 978 2457 locum
1002 2387 1178 2478 obtinuit,

165 2511 243 2610 jam
285 2506 443 2580 subierat
477 2503 753 2577 modificationes
788 2533 809 2578 a
842 2507 1066 2605 pontificibus
1101 2513 1179 2582 Ro-

168 2628 284 2702 manis
301 2627 402 2725 ‚qui‚
446 2622 622 2696 nonnullis
658 2623 866 2698 introductis
902 2629 1178 2722 mutationibus,

171 2751 203 2825 ei
241 2749 444 2823 tribuerunt
479 2773 607 2819 nomen
630 2747 743 2821 turis
773 2749 949 2823 Pontificii
976 2752 1035 2825 vel
1061 2753 1178 2825 Cano-

168 2873 261 2963 nici,
298 2869 461 2971 quamvis
494 2868 691 2968 improprie
727 2867 800 2970 (3).

218 2997 317 3068 Haec
359 2993 397 3065 in
433 3017 588 3090 genere3
636 2988 819 3064 videamus
856 2991 942 3092 quid
978 2994 1177 3093 specialiter
1217 3085 1219 3088 y

168 3118 193 3190 J
195 3116 268 3188 uris
294 3112 464 3188 fueritin
490 3110 650 3193 secundis
675 3112 819 3211 nuptiis.

216 3239 283 3316 Uti
318 3239 342 3312 J
344 3264 408 3312 ure
447 3236 624 3311 Canonico
650 3234 786 3309 nrblata
812 3251 932 3331 erant,
970 3265 1039 3311 non
1064 3239 1178 3312 solum

168 3388 261 3464 quae
297 3384 397 3433 mere
430 3359 592 3459 poenalia
624 3356 687 3431 sed
719 3371 756 3432 et
778 3386 868 3458 quae
893 3361 931 3432 in
956 3360 1117 3436 favorem
1142 3375 1177 3436 et

168 3609 427 3626 μ

171 3754 214 3823 (ι)
240 3748 312 3805 nuci
340 3750 454 3804 osona
485 3724 622 3817 narnia
649 3757 687 3799 aa
712 3744 745 3797 ae
771 3744 841 3798 non.
868 3718 1094 3816 negauerant(
1114 3748 1134 3801 1.
1160 3751 1175 3801 1

314 3842 331 3893 2
384 3841 427 3892 22.

171 3934 214 4003 (2)
236 3861 297 3986 1lauri
316 3842 516 3986 Griorrswrcra'
535 3932 568 3982 de
587 3930 617 3981 L.
636 3929 667 3980 L.
686 3928 832 3997 abrogatis;
856 3930 884 3979 in
902 3927 1047 3983 Proaemio.

172 4027 213 4094 (3)
238 4025 270 4076 ll.
290 4025 374 4076 Geor.
392 4022 412 4073 l.
430 4023 449 4073 l.
484 4021 588 4073 llraur
606 4039 632 4072 v.
650 4019 746 4071 Nouos.
761 4033 817 4069 sec.
837 4019 853 4086 ᾗ
871 4020 897 4070 1.
915 4020 961 4070 lv.
