2506 4852
598 372 650 452 76

118 575 331 674 simpliciter
352 572 514 647 habenda
538 574 585 646 sit
609 572 812 646 massonis
831 572 985 666 dmtotio5
1005 586 1128 647 tamen

118 697 244 796 negari
278 694 423 794 nequit,
460 692 648 794 adoptivo,
680 695 745 792 jus·
763 692 1130 769 succedendiconsex,

120 833 222 912 coto,
271 844 372 919 opem
415 828 531 891 ortam
575 844 650 891 esse
694 829 734 889 ut
769 817 806 888 in
841 817 935 891 bona
968 816 1128 892 defuncti

120 943 417 1043 adoptantis‘ipse
442 939 615 1016 succedat.
667 942 767 1032 Qu'ae
791 966 870 1040 spes
894 941 996 1014 illurn
1016 966 1128 1040 pror-

119 1091 177 1139 sus
212 1065 353 1138 falleret
387 1064 437 1156 si,
467 1062 676 1136 reductione
705 1084 780 1138 ¹non
804 1059 976 1154 admissa,
1014 1062 1129 1162 adop-

118 1188 207 1259 tanti
242 1213 310 1286 pro
343 1186 461 1258 lubitu
493 1186 621 1259 liceret
651 1185 769 1257 omnia
801 1185 894 1258 bona
917 1211 982 1258 sua
1006 1199 1128 1289 extro-

116 1308 194 1380 neis
220 1306 360 1382 'donare
391 1309 485 1381 inter
517 1308 630 1383 vivos.
733 1375 736 1379 ,
887 1374 890 1379 .

124 1489 129 1505 ,
166 1429 241 1507 sed
271 1445 312 1505 ‘et
342 1445 529 1538 praeterea
561 1433 659 1505 Ictus
682 1429 773 1504 mihi
796 1428 1033 1506 videtur-sihi
1054 1454 1130 1503 non

119 1530 290 1630 constare.
366 1555 465 1627 Dicit
502 1541 615 1626 serius
650 1550 876 1653 adoptionem
908 1576 986 1625 'esse
1017 1576 1129 1625 veram

117 1674 321 1748 donationem
352 1671 428 1774 (1)
484 1677 584 1772 Ergo
614 1673 784 1773 adoptans
809 1673 908 1748 dedit
921 1672 1134 1749 'ivwocoddi

110 1795 189 1899 jore
223 1811 259 1870 et
292 1796 478 1897 adoptivu's
515 1799 652 1897 accepit
687 1796 772 1896 (2);
810 1825 901 1895 quae
936 1799 1153 1897 acceptatio,

119 1919 269 1992 fortasse
302 1920 410 1993 tacite
447 1920 539 1993 facta
570 1920 719 2016 fingitur
755 1944 820 2016 per
853 1914 1011 2018 adoptivi
1044 1946 1131 1994 con·-

118 2066 261 2114 sensum
295 2042 334 2112 in
371 2040 607 2138 adoptionem.
666 2043 772 2138 Patet
803 2037 893 2113 hanc
917 2040 1028 2143 ipsips
1050 2066 1130 2116 esse

119 2162 329 2237 sententiam
354 2160 525 2253 dicentis,
561 2160 653 2237 hanc
677 2161 902 2235 donationem
924 2188 997 2237 non
1021 2190 1132 2238 revo-

120 2287 193 2358 cari
231 2286 276 2357 ob
312 2285 446 2358 liberos
482 2285 773 2384 supervenientes
805 2286 1026 2384 legitimos..
1054 2291 1132 2362 Ex*

119 2408 308 2481 cluduntur
341 2409 452 2508 igitur
483 2407 523 2480 hi
548 2409 592 2480 ab
618 2407 805 2507 adoptive,
841 2411 904 2507 qui
919 2418 993 2509 'per
1019 2408 1134 2483 dona-

119 2532 255 2605 tionem
300 2531 394 2604 solus
439 2530 601 2604 dominus
648 2532 760 2602 factus
805 2531 899 2612 foret
942 2516 1129 2609 honorum.

122 2655 295 2746 Quamvis
317 2652 447 2724 horum
472 2653 608 2725 ratione
632 2653 683 2736 ita
708 2654 836 2728 sentiat
860 2657 977 2745 lena,
1011 2668 1131 2729 tamen

122 2773 328 2849 eorumdem
363 2775 541 2847 bonorum
577 2773 782 2850 donationes
815 2777 993 2876 permittit
1017 2775 1131 2876 adop-

120 2898 209 2969 tanti
252 2897 289 2969 in
325 2897 486 2971 favorem
523 2912 791 2990 extraneorum,
837 2898 934 2972 nullo
972 2897 1131 2972 remedio

123 3016 289 3118 adoptivo
325 3044 507 3111 concesso,
544 3018 588 3092 ad
616 3022 698 3117 jura
725 3035 760 3092 et
784 3022 876 3094 bona
902 3050 963 3094 sua
988 3021 1130 3098 tuenda.

119 3288 391 3302 *-

126 3455 168 3524 (1)
195 3455 271 3531 Tour.
288 3455 315 3507 11
337 3455 704 3526 pag.118,.ubilegimus.
748 3458 845 3510 »Nous
863 3475 943 3510 avons
961 3458 1016 3510 dit:
1043 3463 1134 3525 quoad

190 3546 297 3617 ame‘me
313 3548 340 3620 ‘iz
363 3565 380 3615 p
399 3565 431 3599 en
448 3550 540 3617 ouroit
556 3549 586 3598 de
603 3552 667 3599 cette
684 3550 785 3614 qualite
802 3551 848 3600 ne'r
865 3549 956 3615 depuis
973 3550 1130 3617 l'adoption.

191 3630 439 3692 »Cette'derniere
464 3639 560 3710 phrase
585 3659 599 3690 a
626 3641 667 3690 ete
692 3641 798 3708 ajoutee
822 3657 954 3710 parceque
980 3641 1131 3712 l'odoption

191 3733 307 3800 ritant,
334 3749 437 3784 comme
462 3750 529 3783 nous
554 3733 659 3785 l’avons
683 3733 742 3798 dit,
769 3750 820 3784 une
841 3736 966 3786 ve'ritable
983 3736 1128 3800 donation,

192 3822 276 3876 »l'on
302 3825 385 3876 aurait
401 3843 439 3896 pu
456 3823 560 3891 croire,
586 3823 635 3894 qu'
640 3823 692 3875 elle
714 3823 804 3876 devoir
819 3826 874 3876 etro
893 3828 1025 3894 tevoqude
1042 3843 1089 3896 par
1106 3825 1131 3875 la

191 3931 377 3968 »surrepente
396 3915 538 3986 d’enfansj
565 3932 595 3968 ce
613 3916 661 3984 qui
679 3915 749 3967 n’est
767 3915 850 3984 par.''
1054 3890 1062 3911 ⁸

128 4029 169 4095 (a)
196 4028 251 4082 aa.
269 4033 328 4084 eoa.
