2506 4852
623 309 710 430 'aa

180 576 304 650 posse,
338 553 421 652 quia
451 552 623 625 nimirum
653 551 835 650 legislator
861 551 899 622 in
923 532 1084 628 favorem
1106 551 1194 624 uni-

180 699 365 750 versorum
406 673 531 748 binuhi
568 672 768 747 liberorum
804 673 1007 772 portionem
1039 672 1195 748 liberam

180 794 366 890 diminuit,
400 808 436 869 et
463 796 548 896 quia
577 800 636 897 (ut
656 792 754 869 addit
774 797 871 868 Ictus
894 796 933 866 in
951 809 1039 889 nota·
1060 792 1124 890 16)
1156 796 1196 868 in

177 913 339 992 Articulo
375 919 470 993 1098
499 942 584 989 usus
613 931 666 990 est
694 916 816 992 verbis
834 923 918 1021 port
937 914 1086 1017 d’ensant
1107 915 1198 1018 ἱέρ’-

178 1041 274 1136 time,
316 1042 390 1115 sine
424 1041 648 1115 distinctione
684 1040 779 1116 inter
818 1040 929 1140 primi
960 1053 1020 1114 aut
1052 1038 1198 1114 secundi

179 1162 276 1237 thori
305 1164 450 1241 liberos.
512 1165 612 1241 Haec
639 1190 727 1242 uero
750 1163 841 1236 mihi
863 1189 934 1236 non
958 1162 1175 1265 persuadent
1184 1193 1197 1259 3

180 1286 321 1387 saepius
341 1289 437 1362 enim
457 1287 607 1383 accidit,
629 1301 671 1361 ut
692 1289 873 1362 occasione
894 1287 1040 1367 alterius
1062 1284 1197 1387 aliquid

181 1410 425 1510 acquiramus,
454 1411 492 1484 in
523 1409 641 1514 quod,
676 1412 707 1484 si
739 1411 830 1485 alter
860 1410 923 1483 ille
943 1435 1012 1483 non
1036 1408 1197 1503 adesset,

179 1530 317 1604 nullum
344 1533 404 1630 jus
431 1531 646 1606 haberemus
680 1530 740 1632 (l)
753 1560 764 1626 3
802 1525 912 1632 quare
941 1531 1056 1630 magis
1077 1531 1198 1630 probo

180 1652 392 1725 sententiam
414 1652 560 1725 illorum
585 1653 647 1754 qui
672 1654 848 1726 actionem
870 1652 1090 1753 praedictam
1113 1652 1199 1726 solis

180 1773 358 1873 privignis
383 1772 545 1849 tribuunt
572 1772 656 1877 (2);
681 1802 765 1849 nam
788 1789 932 1875 praeter
954 1774 1086 1849 diserta
1108 1801 1199 1852 ver-

179 1895 227 1970 ba
261 1896 413 1973 Articuli
451 1899 563 1974 1496:
603 1896 680 1970 »les
713 1895 827 1995 enfans
861 1896 906 1968 du
933 1896 1078 2000 premier
1099 1895 1137 1969 lit
1158 1897 1201 1971 da

180 2017 331 2093 »l'autre
364 2021 474 2124 e'poux
507 2025 629 2091 auroat
659 2015 792 2090 l’action
824 2042 862 2090 cn
896 2017 1199 2110 retranchcmcrtt‚’'

180 2139 369 2213 manifeste
405 2151 505 2239 patet
540 2166 582 2214 ex
618 2139 705 2239 ipsis
742 2137 835 2236 legis
872 2137 994 2213 verbis
1029 2142 1090 2241 (ut
1121 2142 1200 2241 jam

180 2258 347 2338 uidimus'·
371 2261 466 2336 Sect.
504 2262 524 2334 I
560 2258 665 2360 hujus
703 2244 812 2360 Cap.)
862 2260 1065 2336 Articulum
1101 2263 1199 2338 1098

181 2360 421 2482 conscriptum
456 2406 552 2474 esse,
589 2408 636 2455 ne
669 2381 922 2482 privignorum
942 2383 1026 2483 jura
1049 2380 1200 2457 laedan-

180 2519 252 2582 tur.
313 2504 468 2605 Nuptiae
505 2516 625 2577 autem
660 2503 707 2574 ob
738 2501 868 2575 horum
894 2504 1118 2585 existentiam
1141 2531 1200 2578 se-

180 2628 304 2702 cundae
341 2624 454 2715 dictae
466 2678 478 2718 ,
517 2639 682 2725 respectu
702 2624 916 2727 liberorum
951 2654 995 2700 ex
1019 2626 1105 2726 ipsis
1129 2652 1199 2702 na-

180 2764 300 2824 torum
324 2773 394 2822 non
418 2747 523 2822 aliter
547 2774 655 2849 quam
671 2747 801 2854 primae
819 2747 1071 2848 intelligendae
1093 2764 1196 2844 sunt,

181 2888 219 2949 et
242 2868 458 2948 tractandae.
517 2871 568 2946 Hi
591 2898 795 2947 communes
819 2871 927 2946 liberi
952 2896 1024 2944 non
1048 2870 1197 2948 audien-

181 2994 220 3070 di
245 3008 346 3089 sunt,
370 2994 439 3066 nisi
463 2991 675 3067 contendant
699 2995 872 3072 uiolatum
897 3020 973 3070 esse
994 2995 1197 3071 Articulum

186 3121 302 3214 1094,
338 3119 402 3192 ubi
436 3114 480 3191 de
518 3117 697 3190 communi
729 3118 812 3216 jure
848 3120 1039 3219 conjugum
1061 3119 1196 3217 agitur.

183 3243 298 3318 Causa
331 3240 437 3340 hujus
470 3239 618 3315 actionis
641 3239 680 3311 in
702 3239 902 3338 privignis,
938 3265 1009 3314 non
1033 3242 1071 3314 in
1096 3265 1197 3315 com·-

183 3362 349 3436 munibus
380 3360 505 3436 liberis
534 3359 734 3459 quaerenda
767 3373 830 3437 est.

176 3614 438 3629 m
495 3622 498 3628 ,

184 3755 227 3824 (1)
254 3752 384 3822 Exempla
414 3752 496 3822 hujus
530 3755 629 3822 speciei
662 3755 839 3806 inveniuntur
864 3754 936 3822 apud
961 3752 1102 3806 Duarrron
1127 3753 1148 3803 l.
1174 3752 1194 3802 l.

251 3862 283 3896 no
300 3845 361 3897 817.
396 3843 581 3896 Drrrrncouar
600 3845 619 3896 1.
637 3844 657 3895 l.
675 3855 741 3896 tom.
759 3844 783 3895 V
800 3862 862 3913 pag.
880 3845 914 3896 40
929 3845 1016 3911 ἅμ.

184 3938 225 4005 (2)
251 3906 392 3990 Darinoi
417 3935 436 3986 1.
461 3935 481 3987 1.
509 3951 540 3985 11⁰
566 3937 627 3989 816.
670 3935 855 3988 Drtrucourr
882 3935 902 3994 1,
927 3935 947 3986 1.
992 3936 1114 3989 Garrire
1132 3934 1153 3984 1.
1170 3933 1196 3985 l.⁴

217 4074 224 4097 x
253 4045 283 4078 n0
307 4028 366 4079 698.
