2506 4852
550 362 555 374 “
599 351 655 433 24

118 553 366 660 exspatiatum
393 554 450 644 sit,
487 553 698 651 quaeritur?
749 553 773 623 J
775 579 838 624 ure
870 551 1030 625 Romano
1053 551 1121 624 hoc

117 679 201 752 satis
239 674 422 761 definitum
456 688 544 750 erat.
605 673 826 746 Justinianus
851 674 946 746 enim
970 670 1031 774 (l)
1058 699 1121 744 ex-

118 802 250 903 pressis
294 797 415 876 verbis
448 797 649 898 prohibuit,
693 823 738 870 ne
771 797 901 869 mulier
920 853 922 857 .
938 797 1007 870 alio
1044 796 1123 871 viro

118 952 155 1006 se
176 928 365 1026 jungeret,
403 919 572 1020 quamdiu
595 920 743 992 maritus
767 921 1004 1013 militarem,
1037 920 1125 992 *licet

117 1049 256 1121 nultum
279 1045 443 1118 nuntium
467 1041 510 1115 de
537 1044 829 1142 eov‘percepisset.
844 1056 860 1107 ἶ
891 1045 982 1116 Cum
1007 1055 1125 1115 autem

119 1167 272 1242 audierit
304 1167 473 1238 maritum
506 1177 686 1236 mortuum
721 1190 814 1257 esse,
846 1152 923 1236 ¹non
955 1164 1060 1254 aliter·
1083 1161 1126 1235 ad

120 1291 189 1364 alia
210 1301 306 1364 ⁴vota
331 1285 606 1378 admittebatur,
641 1286 710 1358 nisi
737 1285 939 1359 chartularii
964 1286 1127 1375 numeri,

122 1415 323 1512 cujuserat
348 1412 517 1502 maritus,
539 1412 749 1508 juraverant
773 1436 854 1483 eum
877 1408 1017 1506 obiisse.
1063 1410 1127 1479 In-

120 1548 177 1608 ter
201 1533 269 1606 hoc
289 1532 538 1632 jusjurandum
563 1547 598 1606 et
621 1534 756 1607 novum
779 1529 1045 1615 matrimonium
1062 1530 1129 1601 *in-

121 1656 324 1730 tercedere]
341 1655 494 1730 debebat
526 1656 678 1756 spatium
704 1656 795 1731 anni.
820 1652 822 1657 ’
848 1656 987 1748 Quibus
1011 1655 1129 1727 omni-

123 1779 394 1878 bus-neglectis
411 1794 447 1852 et
470 1780 603 1852 binuba
629 1776 862 1853 et'secundus
886 1780 1035 1851 maritus
1059 1804 1130 1878 pu-

116 1903 312 1976 niebantur
347 1903 446 2001 quasi
460 1937 463 1942 ·
478 1901 644 1975 adulteri.
696 1902 734 1972 Si
759 1926 848 1987 vero
871 1914 1019 2000 propter
1044 1927 1131 1998 cap-

125 2024 318 2098 tiuitatem.-
334 2022 504 2113 ¹alterius,
540 2015 635 2092 alter
655 2017 793 2120 conjux
827 2021 864 2092 in
894 2022 1029 2093 incerto
1056 2035 1132 2093 erat
1171 2029 1173 2033 ’

117 2169 213 2215 Ηιιῑιιιι
243 2143 385 2252 uiueret
414 2122 566 2240 conjux,
603 2169 668 2214 nec
697 2149 768 2234 ne,
805 2142 879 2216 sine
903 2138 1063 2243 periculo
1089 2142 1132 2216 ad

128 2266 196 2338 alia
233 2263 384 2335 transire
421 2275 504 2338 vota
525 2263 569 2349 ,ei
599 2263 729 2336 licebat
763 2262 835 2364 (2).
871 2259 953 2339 'Sic
979 2278 1016 2337 et
1039 2265 1134 2337 anti*

129 2386 247 2486 quitus
284 2385 322 2455 in
357 2382 563 2476 Hollandia‚
601 2412 690 2463 anno
731 2386 823 2458 1656
860 2385 904 2457 ab
940 2386 1134 2459 Ordinibus

128 2507 366 2599 Generalibus
392 2502 559 2577 statutum
585 2519 680 2597 erat,
716 2505 810 2605 quod
835 2509 864 2579 si
889 2509 1044 2608 quinque
1070 2536 1136 2582 an-

129 2626 193 2703 nos
229 2627 493 2725 exspectaverat
527 2628 674 2723 conjux,
708 2627 814 2700 nullis
835 2627 889 2701 de
922 2631 1049 2702 marito
1075 2658 1136 2703 ac-

132 2751 244 2850 ceptis
276 2749 458 2840 novellis,'
484 2747 537 2822 illi
570 2748 697 2822 liceret
729 2751 797 2822 alio
831 2751 966 2825 nubere
991 2780 1034 2825 ex
1057 2781 1138 2826 ma-

132 2875 301 2973 gistratus
339 2869 499 2963 decreto,
534 2868 730 2971 praemissa
767 2899 891 2946 causae
926 2870 1135 2973 cognitione.

133 2999 249 3096 Atque
284 2994 313 3066 si
350 2993 477 3065 marito
511 2993 645 3092 priori,
682 2993 809 3067 deinde
843 2996 935 3069 forte
970 3023 1137 3088 revers0‚

120 3107 395 3214 ¹non-placeret
423 3110 573 3217 uxorem
598 3138 698 3186 suam
728 3114 1139 3216 recipere,.1huicquo-

136 3265 205 3340 que
237 3235 518 3311 concedebantur
545 3235 633 3308 aliae
658 3237 823 3335 nuptiae,
855 3239 883 3310 si
909 3237 1013 3311 modo
1039 3251 1139 3311 antea

139 3372 293 3431 curasset
332 3360 434 3456 prius
476 3360 742 3432 matrimonium
778 3358 985 3433 dissolutum
1021 3359 1147 3433 decla--

140 3482 212 3554 ran
249 3479 321 3580 (3).

137 3712 404 3728 m

59 3875 63 3886 ·
145 3851 394 3938 (ttNonGXVII
411 3872 433 3904 c.
453 3855 496 3904 11.

122 4001 126 4009 ἱ
147 3943 187 4013 tt)
212 3942 282 4023 Nor.¹
296 3942 368 3996 XXII
385 3963 407 4020 c..
425 3946 450 3996 7.
658 3994 661 3999 .

148 4033 187 4099 (3)
213 4033 283 4084 Vorr
300 4037 391 4089 adtit.
410 4036 441 4088 D.
460 4037 495 4089 de
510 4039 561 4090 ritu
579 4036 663 4103 Nupt.
683 4048 713 4084 πο
732 4033 774 4083 99.
