2506 4852
631 367 730 447 lt.

143 569 297 643 binubae
321 592 450 670 capere
472 582 603 669 posset.
662 571 832 663 Quamvis
858 570 994 645 ratione
1016 571 1148 646 faemi-

141 718 268 766 narum
299 705 436 766 tantum
465 689 554 765 haec
588 716 672 791 pars
695 691 766 766 lata
792 692 889 786 erat,
922 720 1006 768 mox
1028 708 1149 769 tamen

142 817 250 891 etiam
274 814 319 888 ad
343 816 439 891 viros
464 829 607 890 extensa
632 828 685 889 est
710 813 784 916 (1).

189 936 391 1012 Secundum
421 937 539 1037 Caput
570 936 771 1011 continebat
798 966 888 1038 quae
912 941 1044 1014 sancita
1067 953 1150 1012 sunt

139 1060 165 1138 1.
197 1064 222 1135 3
250 1073 291 1133 et
320 1059 346 1138 1.
377 1064 402 1136 5
433 1061 474 1136 C.
503 1059 574 1137 eod.
607 1061 679 1152 tit,
712 1087 841 1161 nempe
870 1076 912 1135 ut
941 1075 1015 1136 tam
1043 1077 1148 1162 pater

140 1208 247 1282 quam
295 1194 432 1274 mater,
486 1181 532 1255 ad
573 1182 724 1256 secunda
768 1196 850 1259 rota
891 1184 1149 1284 progrediens,

139 1302 384 1404 praedefuncti
424 1304 583 1404 conjugis
628 1331 771 1381 servare
807 1319 990 1379 teneretur
1017 1307 1151 1405 'liberis

139 1454 183 1502 er
212 1427 321 1502 hocce
353 1431 503 1530 conjuge
537 1428 685 1504 obortis.

187 1551 424 1642 Provinciae,
470 1564 553 1622 tunc
595 1550 768 1649 temporis
802 1547 962 1623 nondum
993 1551 1148 1649 imperio

138 1671 276 1746 Gallico
308 1671 509 1772 subjectae,
546 1669 607 1745 sed
629 1685 750 1771 postea
774 1670 930 1772 adjectae
954 1673 1147 1746 33131133-

138 1796 213 1868 rico
244 1797 318 1887 IV,
353 1796 475 1894 ejusve
506 1795 787 1887 successoribus,
823 1795 1058 1893 sequebantur
1086 1795 1146 1870 vel

136 1921 215 1996 Art.
246 1922 293 1995 28
319 1917 438 1993 Edicti
456 1919 622 2018 perpetui
643 1916 926 1990 Archiducorum
947 1916 1148 1990 Albertivet

137 2040 311 2115 Isabellae
340 2039 441 2139 (anni
468 2036 601 2130 1611),
629 2038 667 2107 in
689 2062 761 2136 quo
780 2037 930 2112 articulo
953 2036 1146 2113 secundum

136 2174 242 2262 caput
273 2158 415 2252 Edico,
457 2157 553 2258 quod
583 2154 688 2231 modo
721 2148 928 2253 citavimus,
966 2160 1146 2261 prolege

136 2296 320 2384 receptum
333 2294 429 2372 erat,
449 2280 522 2354 uti:
546 2278 737 2374 Flandria,
755 2282 916 2373 Artesia,
939 2283 1123 2356 Harmonia
1134 2313 1145 2380 3

87 2384 92 2411 Ι
134 2406 194 2481 vel
226 2403 394 2480 Edictum
424 2400 672 2505 (ordonnontie)
705 2406 814 2477 Ducis
844 2404 1016 2504 Leopoldi
1040 2401 1146 2508 (anni

131 2524 273 2624 1711),
294 2549 441 2626 prorsus
463 2524 675 2600 conveniens
698 2525 767 2625 ipsi
790 2522 904 2599 edicto
927 2543 1144 2621 memorato,

77 2644 81 2652 ’
134 2649 206 2722 uti:
242 2647 416 2719 Lorrania
448 2658 485 2718 et
514 2647 648 2743 Barus3
685 2648 743 2723 vel
773 2649 1010 2748 sequebantur
1032 2650 1147 2724 Edic-

63 2763 68 2783 ‘
134 2784 211 2844 tum
244 2768 971 2862 133333133133133331331133333333,
1004 2773 1057 2845 uti
1082 2798 1146 2846 ce-

134 2907 232 2970 terae
265 2877 700 2992 provinciae'nominatae
730 2891 824 2992 apud
851 2895 1022 2969 Murrum
1050 2894 1073 2971 l.
1097 2895 1120 2972 1.
1133 2950 1144 2988 ,

134 3018 197 3118 qui
225 3016 294 3090 hoc
327 3027 576 3116 argumentum
606 3015 683 3088 fuse
707 3017 859 3115 exponit.
921 3020 1145 3119 Quamquam

133 3165 283 3241 magnae
311 3136 475 3213 utilitatis
503 3138 613 3212 fuerit
641 3132 808 3213 Edictum
834 3141 915 3215 anni
943 3144 1056 3234 1560,
1085 3155 1145 3215 ta..

133 3291 217 3338 men
246 3277 282 3338 et
299 3246 440 3362 magnis
460 3260 646 3334 laborabat
668 3261 813 3338 lacunis.
871 3263 1023 3337 Brevius
1048 3264 1142 3336 enim

133 3402 233 3480 erat,
269 3413 377 3486 quarn
407 3399 448 3472 ut
474 3385 637 3457 omnibus
662 3373 801 3458 casibus
822 3382 1013 3484 providere
1034 3399 1144 3484 potu·
1194 3470 1196 3475 ¹

134 3512 224 3603 erit,
256 3507 350 3581 unde
379 3505 541 3584 diversae
565 3506 757 3580 sententiae
783 3533 827 3580 ex
848 3509 1141 3606 interpretatione

128 3787 399 3806 μ

132 3951 175 4019 (1)
201 3947 304 3999 Mearm
331 3944 351 3994 1.
376 3944 397 3994 l.
440 3941 624 3995 Briviueouar
650 3946 860 4013 tom.5p·81.
902 3945 1024 4002 Garum
1044 3948 1137 4001 Tratte

198 4042 243 4093 des
260 4040 333 4091 Doti.
352 4037 484 4089 Discours
501 4037 646 4103 historique
656 4054 666 4096 5·
693 4030 721 4086 iu
739 4035 805 4088 fine.
