2506 4852
596 330 757 413 lo·

118 529 365 605 liberabantur
390 504 465 632 (l)i
522 528 720 633 Praecipua
742 555 939 633 poenarum
962 530 1126 606 laeminis

118 654 366 754 impositurum
398 651 552 728 babetur
583 654 741 731 infamia.
800 658 914 732 Porro
937 678 1008 728 non
1031 654 1126 728 ultra

118 779 262 852 tertiam
295 790 437 879 partem
472 778 647 852 bonorum
680 776 832 852 secundo
866 778 966 871 viro,
999 803 1067 851 nec
1089 776 1128 850 in

120 901 241 978 dotem
277 901 362 978 dare
397 903 492 977 inter
526 903 650 996 vivos,
686 904 747 981 vel
779 915 990 979 testamento
1014 900 1129 976 relin-

121 1052 232 1126 quere
267 1038 442 1125 poterant
506 1025 684 1101 Omnibus
707 1025 981 1100 liberalitatibus
1006 1053 1026 1098 a
1050 1022 1132 1124 pri-

70 1231 72 1238 ,
120 1147 176 1219 ori
210 1147 340 1220 marito
371 1146 541 1248 profectis
563 1147 820 1247 privabantur,
856 1147 1039 1248 nullasque
1063 1144 1133 1218 he-

119 1268 289 1346 reditates
329 1272 491 1372 accipere
526 1271 615 1372 ipsis
648 1274 863 1373 permissum
898 1285 997 1364 crat,
1038 1271 1133 1344 ultra

119 1392 268 1466 tertium
292 1391 444 1493 gradum
469 1394 699 1493 cognationis,
762 1394 801 1468 si
826 1407 946 1466 tamen
969 1393 1134 1491 nuptiae,

121 1514 309 1588 contemtis
351 1514 448 1588 hisce
484 1515 631 1614 poenis,
675 1498 875 1589 contractae
910 1526 1030 1606 erant,
1061 1513 1137 1586 mi-

121 1636 219 1712 nime
264 1636 388 1712 irritae
432 1635 674 1729 habebantur,
720 1636 806 1737 quin
847 1635 970 1737 'potius
1011 1635 1136 1735 legiti-

122 1785 204 1833 mae
238 1755 315 1860 (2).
377 1759 477 1851 Quae
518 1783 607 1834 vero
642 1757 811 1832 mulieres
845 1768 1138 1859 exspectaverant

123 1907 278 1975 aunum,
323 1880 508 1955 infamiam
551 1904 622 1952 non
664 1879 850 1970 subibant,
899 1903 1016 1978 neque
1052 1877 1137 1951 alias

121 2001 228 2077 hasce
253 2027 406 2102 poenas3
445 1997 509 2074 sed
533 1998 751 2099 cogebantur
774 1999 1033 2100 proprietatem
1058 2025 1139 2074 om-

123 2124 226 2196 nium
260 2122 438 2217 bonorum
462 2147 482 2194 a
506 2120 621 2221 priori
649 2121 779 2195 marito
802 2120 1068 2222 profectorum,
1102 2121 1139 2194 in

124 2246 288 2322 favorem
311 2242 511 2316 liberorum
534 2243 644 2344 primi
668 2242 1046 2340 thori,sconservare3
1071 2270 1139 2317 ne-

125 2397 197 2472 que
228 2366 325 2443 aliud
356 2370 416 2469 jus
447 2367 613 2441 laeminis
638 2367 682 2440 -in
706 2368 768 2441 illa
792 2367 886 2442 bona
910 2368 1140 2469 relinqueba-

125 2507 206 2587 tur,
241 2503 385 2592 praeter
419 2484 699 2564 usumfructum
717 2487 762 2561 ad
785 2490 898 2564 vitam
924 2490 998 2592 (3).
1048 2494 1141 2565 Pos-

125 2629 207 2706 tea,
241 2613 286 2685 ah
318 2610 602 2710 Imperatoribus
628 2608 831 2686 Theodosio
856 2624 893 2685 et
915 2613 1142 2689 Valentinia-

126 2761 197 2826 no,
234 2732 343 2807 etiam
377 2730 448 2807 viri
483 2731 611 2805 binubi
635 2731 780 2832 poenis,
814 2732 853 2806 in
875 2732 972 2808 dieta
995 2735 1076 2834 lege
1101 2739 1141 2810 3⁸

129 2857 295 2958 scriptis,
330 2855 480 2957 subjecti
512 2870 593 2930 sunt
627 2855 712 2958 (l);
750 2856 800 2930 ita
834 2870 875 2930 ut
899 2869 936 2931 et
959 2858 1015 2930 illi
1038 2872 1143 2932 tene-

129 2995 256 3055 rentur
281 3004 493 3053 conservare
517 2979 633 3071 bona,
667 3005 758 3080 quae
784 2979 828 3053 ab
854 3005 965 3056 urore
989 2981 1144 3082 praede·-

127 3104 251 3177 functa
287 3092 547 3203 provenerant,
585 3125 695 3200 eaque
735 3101 875 3200 integra
908 3102 1033 3176 liberis
1063 3104 1143 3203 pri-

130 3229 204 3302 oris
240 3225 398 3326 conjugii
432 3225 643 3322 restituere3
681 3223 767 3298 licet
790 3226 903 3326 patris
926 3239 1080 3326 potestas
1105 3227 1143 3299 in

130 3349 453 3424 administratione·
470 3372 539 3420 non
564 3349 614 3421 ita
638 3347 905 3449 circumscripta
930 3361 1008 3422 erat
1036 3374 1144 3449 quam

132 3470 269 3547 matris.
326 3467 435 3543 Hisce
459 3468 563 3542 bonis
588 3469 696 3547 ctiam
720 3470 784 3546 dos
809 3470 1118 3550 annumerabatur.

138 3741 180 3810 (1)
206 3739 225 3790 1.
244 3741 261 3791 a
279 3738 346 3790 aare.

49 3878 52 3883 .
138 3833 180 3900 (l)
206 3828 583 3884 contuov.xxX1lc.r.

139 3926 180 3990 (3)
204 3924 226 3974 l.
244 3926 260 3975 3
281 3922 313 3975 O.
332 3922 365 3972 de
384 3921 443 3975 Sec.
462 3933 539 3992 nupt.

140 4016 181 4084 (l)
207 4014 225 4064 l.
244 4017 270 4065 5.
292 4013 358 4067 ib'd.
