2506 4852
599 371 650 454 59

167 571 274 648 Aliud
314 586 433 647 tamen
475 571 683 667 dicendum,
726 574 942 679 approbante
987 599 1127 676 quoque

118 697 360 788 zecaaart,
397 696 427 769 ri
448 695 576 799 quidem
599 697 708 771 adsint
723 698 894 804 proroga,
929 724 1028 800 agere
1051 724 1131 773 vero

117 815 228 893 nolint.
288 820 367 894 Hoc
403 818 499 892 enim
523 845 607 893 casu
631 819 875 895 communibus
898 819 1047 911 liberis,
1081 845 1128 893 ne
1194 912 1199 921 ι

117 940 211 1014 forte
254 943 577 1017 circumveniantur
616 944 908 1021 conventionibus
940 943 1146 1045 privigno--

118 1088 201 1134 rum
233 1090 315 1136 cum
349 1063 500 1138 secundo
535 1068 684 1167 conjuge
718 1064 833 1167 (quod
846 1078 982 1146 tamen
1013 1063 1130 1139 rarius

118 1211 327 1259 occasurum
356 1186 483 1288 puto),
519 1188 650 1288 quibus
679 1191 908 1297 privarentur
933 1189 1042 1262 lucris
1067 1213 1131 1261 re-.

118 1307 310 1401 ducendis,
349 1337 392 1384 ex
427 1337 489 1384 sua
524 1337 677 1410 persona
712 1313 750 1386 vi
783 1311 948 1388 Articuli·
972 1312 1040 1386 921
1070 1308 1130 1408 (a)

118 1429 362 1504 reductionem
399 1432 601 1507 instituere.
620 1434 729 1526 licet,
778 1435 911 1534 quippe
947 1432 1010 1533 qui
1047 1430 1132 1504 alias

120 1556 179 1652 (ut
214 1579 298 1627 mox
333 1551 554 1649 videbimus)
589 1581 658 1630 una
683 1583 766 1630 cum
788 1556 966 1658 privignis
991 1552 1134 1629 divide-

71 1728 74 1732 -
117 1687 201 1748 rent
222 1657 386 1752 reducta
433 1680 793 1775 (Dunvrnonurrns
828 1677 1021 1753 rameniis
1050 1690 1134 1751 tan-

116 1812 198 1870 tum
233 1824 300 1898 pro
335 1823 396 1871 sua
430 1810 533 1897 parte
566 1798 811 1874 reductionem
834 1802 1022 1874 instituere
1046 1827 1134 1898 per-

118 1916 262 2013 mittit).
335 1922 435 2012 Quae
481 1917 641 1994 doctrina
686 1947 728 1994 eo
770 1921 885 2020 magis
928 1918 1135 1995 assumenda

119 2038 284 2132 videtur,
323 2066 404 2113 cum
435 2042 513 2140 jam
539 2069 559 2114 e
584 2043 674 2116 Jure
698 2045 860 2117 Romano
885 2040 1047 2116 desumto
1071 2036 1134 2141 (l)

122 2163 228 2237 etiam
252 2163 291 2235 in
315 2162 522 2261 regionibus
545 2164 742 2256 Franciae,
775 2163 839 2236 uhi
863 2163 951 2236 olim
975 2161 1136 2236 Consue—

122 2283 260 2358 tudines
294 2284 487 2383 rigebant,
521 2310 589 2357 usu
621 2284 735 2362 valuit
769 2282 844 2386 (2).

168 2403 358 2481 Probanda
398 2419 561 2506 remanet
602 2404 758 2505 aequalis
795 2404 922 2480 divisio
961 2408 1138 2482 honorum

119 2527 351 2603 reductorum
395 2528 489 2602 inter
530 2529 717 2603 universos
751 2526 897 2605 liberos,
968 2528 1067 2602 Olim
1100 2530 1138 2602 in

120 2650 328 2751 regionibus
362 2651 463 2724 Juris
500 2652 647 2751 scripti,
684 2650 830 2751 vigebat
867 2653 955 2752 Cap.
990 2651 1038 2726 27
1069 2677 1139 2726 no-

122 2772 239 2851 vellae
263 2775 400 2864 XXII,
434 2774 533 2872 cnjus
557 2774 596 2848 vi
623 2772 689 2846 soli
713 2772 873 2872 privigni
898 2770 1055 2845 adhaec
1078 2771 1138 2845 lu-

121 2923 183 2970 cra
220 2895 459 2988 vocabantur,
496 2893 582 2966 dum
618 2906 741 2967 contra
772 2894 810 2966 in
842 2893 1050 2994 regionibus
1075 2893 1139 2967 ubi

103 3016 403 3093 ‘Consuetudines
439 3018 630 3119 vigebant,
665 3031 811 3118 recepta
845 3032 922 3093 erat
945 3018 971 3095 l.
998 3022 1022 3094 9
1048 3017 1136 3094 Cod.

119 3139 162 3214 de
209 3138 365 3214 Secundis
408 3138 559 3244 Nuptiis,
608 3137 801 3213 secundum
836 3165 943 3238 quam
976 3138 1140 3213 universi
1184 3193 1186 3199 ·

122 3261 280 3337 defuncti
315 3261 445 3352 liberi,
483 3260 622 3360 aequali
655 3261 738 3358 jure
774 3259 976 3335 utebantur.
1046 3260 1139 3333 Cum

122 3396 241 3457 autem
278 3379 340 3482 (3)
374 3382 575 3482 legislator
608 3372 766 3456 Gallicus
802 3380 1013 3481 praetulerit
1040 3383 1139 3458 Con-

126 3702 169 3772 (1)
194 3701 267 3755 1.10
285 3701 301 3769 ᾗ
320 3700 386 3754 611.
404 3702 438 3754 de
456 3702 521 3753 bon.
539 3717 611 3770 poss.
630 3708 722 3752 contre
739 3699 812 3751 tsbb.

127 3793 170 3863 (2)
196 3792 382 3844 Drnsrucounr
400 3792 424 3842 V
441 3811 503 3862 pag.
522 3792 566 3842 42.
602 3790 743 3844 Dussrror
751 3789 773 3842 1.
782 3789 802 3842 l.
819 3805 850 3841 uo
859 3789 919 3843 81⁷.
956 3788 1079 3842 Garsrsa
1088 3786 1108 3839 1.
1118 3787 1138 3841 l.

115 3885 168 3953 ’(3)
195 3884 381 3936 Drurrsoouns
398 3881 417 3934 1.
436 3882 456 3934 l.
955 3920 971 3956 ,
1048 3920 1052 3928 .

126 3998 162 4049 (a)
218 3997 278 4037 lu.
300 3997 346 4038 9²1.
375 3997 403 4040 Lu
423 3995 544 4037 re'tluetion
565 3997 603 4039 des
624 3996 773 4047 dispositione
793 3994 919 4036 entre-viss
940 4007 968 4032 ne
987 4007 1071 4044 pourrs
1090 3990 1137 4033 etro

193 4068 312 4112 deminuto
327 4084 369 4122 que
385 4084 423 4122 prr
438 4083 494 4111 ceux
508 4085 535 4111 su
550 4071 617 4122 protis
631 4071 734 4123 desquels
747 4073 772 4116 1ο,
782 4071 813 4111 toi
827 4070 869 4109 sais
883 4069 905 4108 ta
918 4065 1018 4108 reservo.
