2506 4852
605 380 655 463 tt

128 581 276 657 ferentia
310 583 403 656 inter
438 586 683 684 cognationem
715 586 862 662 mixtam
896 602 932 663 et
963 589 1130 682 civilem,¹

128 704 221 805 quod
262 705 301 778 in
346 703 412 779 hac
453 711 512 808 jus
553 707 761 784 succedendi
794 736 864 785 non
901 712 1128 805 extendatur,

125 828 218 901 ultra
252 828 345 927 ipsas
377 854 545 928 personas
576 828 780 931 adoptantes
811 834 908 935 (Art.
933 831 1047 930 350),
1082 861 1130 909 ne

123 951 216 1025 forte
266 950 388 1026 invitis
443 950 733 1027 adscendentibus
789 955 970 1054 legitimus
1023 953 1129 1030 heres

122 1075 224 1173 quasi
260 1087 477 1173 agnascatur.
540 1076 660 1167 Quum
683 1076 795 1176 igitur
820 1075 978 1177 adoptivi
1002 1077 1128 1177 aequi-

122 1208 293 1294 parentur
325 1196 518 1295 legitimis,
554 1211 661 1298 atque
696 1196 759 1290 hi,
795 1198 826 1271 si
859 1199 1030 1272 successio
1061 1225 1129 1298 pa-

123 1331 265 1392 rentum
300 1319 394 1392 ultra
430 1320 630 1419 legitimam
666 1321 832 1396 exhausta
869 1322 938 1414 sit,
975 1321 1132 1396 habeant

118 1441 177 1540 jus
212 1438 401 1514 reducendi
436 1441 553 1541 legata
592 1456 643 1516 et'
661 1441 864 1518 donationes
888 1444 981 1517 inter
1006 1445 1128 1535 vivos,

114 1564 219 1666 (Art.
254 1560 344 1657 920)
378 1563 475 1638 nulla
500 1566 590 1638 ratio
614 1564 787 1666 impedit,
822 1567 1008 1668 quominus
1032 1564 1129 1641 idem

117 1688 178 1784 jus
215 1683 380 1784 adoptivo
414 1686 637 1762 concedatur.
699 1688 803 1781 Quod
839 1690 870 1762 si
906 1704 1025 1764 autem
1058 1688 1130 1762 illis

122 1807 288 1882 universe
312 1819 491 1905 competat
515 1803 694 1899 reductio,
717 1810 856 1880 nullum
876 1808 1024 1881 dubium
1041 1811 1129 1899 erit,

119 1928 206 2028 quin
243 1928 351 2000 etiam
386 1929 424 1999 in
458 1928 575 2027 specie
612 1941 756 2001 utantur
780 1929 953 2003 beneficio
978 1929 1131 2015 Articuli
1179 2016 1183 2022 .

122 2052 217 2125 1098
244 2047 317 2151 (l).
369 2049 598 2122 Contrarium
622 2063 762 2142 autem,
800 2078 842 2126 ex
869 2063 999 2126 eventu
1022 2076 1132 2150 quem

93 2172 331 2276 praeberet,
368 2170 507 2244 admitti
542 2171 676 2270 nequit.
737 2171 777 2246 si
815 2172 910 2245 enim
946 2177 1130 2274 (monente

121 2299 439 2371 Dnnvrr‘tcuurro
472 2295 497 2370 l.
532 2275 578 2388 l.)
611 2293 797 2393 adoptivus
820 2294 958 2370 nullum
978 2297 1038 2396 jus
1061 2294 1130 2367 he-

118 2420 223 2495 beret
264 2420 333 2493 nisi
373 2420 411 2492 in
452 2419 569 2510 bona,
619 2445 709 2518 quae
755 2443 878 2517 reapse
916 2420 954 2489 in
987 2443 1129 2491 succes-

121 2545 218 2614 sione
251 2541 500 2641 reperiuntur,
536 2566 651 2639 neque
684 2537 855 2613 reducere
879 2551 997 2639 posset
1021 2564 1130 2636 prae-

122 2675 178 2733 ter
200 2662 338 2762 legata,
363 2662 502 2734 facilius
526 2662 621 2734 foret
638 2659 840 2761 adoptanti,
865 2686 1007 2734 omnem
1029 2686 1130 2760 spem

122 2781 279 2884 adoptivi
314 2781 469 2857 eludere.
540 2782 712 2873 Quamvis
751 2783 847 2855 enim
881 2779 1022 2880 adoptio
1057 2808 1128 2854 non

115 3055 375 3071 „n———t

121 3221 163 3290 (1)
189 3220 229 3272 Ne
254 3235 318 3270 vero
344 3214 512 3268 inhaeramus
537 3218 596 3269 roci
627 3221 791 3279 successies,
825 3219 901 3286 quasi
926 3216 1064 3286 legislator
1088 3218 1128 3269 nil

187 3310 340 3380 significare
358 3307 489 3371 voluerit,
515 3308 568 3357 nisi
587 3307 676 3370 bone,
698 3324 767 3376 quae
784 3311 813 3357 in
829 3312 931 3358 natura
948 3308 1129 3376 reperirentur

186 3402 257 3472 apud
281 3401 470 3470 adoptantem,
499 3408 618 3467 tempore
643 3400 701 3466 ejus
727 3397 867 3464 decessus;
893 3398 968 3466 quasi
994 3396 1040 3448 illa
1063 3413 1128 3448 roco

186 3491 373 3544 excluderetur
395 3489 525 3540 reductio.
569 3487 689 3539 Articulo
714 3489 764 3540 350
789 3487 912 3557 adoptivo
938 3499 1042 3540 tantum
1056 3489 1126 3556 juris

187 3595 214 3635 et
239 3582 332 3634 eadem
354 3584 416 3650 jura
440 3585 470 3632 in
492 3584 677 3632 successionem
699 3578 898 3645 conceduntur,
927 3580 1025 3649 quihus
1044 3579 1128 3631 utitur

184 3673 323 3742 legitimus
347 3671 432 3737 liber,
458 3687 547 3739 neque
573 3685 685 3738 usquam
709 3667 772 3721 huic
797 3668 848 3720 alia
868 3673 928 3739 jura
952 3669 1124 3732 tribuuntur,

186 3764 240 3813 nisi
265 3766 293 3812 in
317 3765 512 3814 successionem.
555 3761 588 3811 Et
611 3775 683 3810 nuno
707 3776 821 3828 quaeso,
849 3759 916 3827 quid
934 3758 1007 3809 aliud
1024 3760 1058 3809 sit
1076 3758 1127 3810 hoe

180 3856 229 3919 jus
246 3856 275 3902 in
291 3854 494 3913 successionem,
523 3852 574 3901 nisi
593 3847 684 3918 quod,
710 3851 731 3899 si
750 3849 871 3917 legitima
888 3866 943 3899 non
960 3847 1053 3911 adest,
1077 3866 1125 3900 re-

187 3944 339 3995 ductionem
359 3944 497 3995 instituere
516 3940 595 3994 liceat
611 3941 780 4005 succedenti,
805 3951 834 3992 ut
847 3940 998 4009 legitimam
1017 3940 1131 4010 plenam-

188 4044 363 4105 consequatur
373 4036 385 4086 ?
