<?xml version="1.0" encoding="UTF-8"?>
<!DOCTYPE html PUBLIC "-//W3C//DTD XHTML 1.0 Transitional//EN"
    "http://www.w3.org/TR/xhtml1/DTD/xhtml1-transitional.dtd">
<html xmlns="http://www.w3.org/1999/xhtml" xml:lang="en" lang="en">
 <head>
  <title>
</title>
<meta http-equiv="Content-Type" content="text/html;charset=utf-8" />
  <meta name='ocr-system' content='tesseract 3.04.00' />
  <meta name='ocr-capabilities' content='ocr_page ocr_carea ocr_par ocr_line ocrx_word'/>
</head>
<body>
  <div class='ocr_page' id='page_1' title='image "./dissertatiojuri00moorgoog_0020.png"; bbox 0 0 2506 4852; ppageno 0'>
   <div class='ocr_carea' id='block_1_1' title="bbox 472 335 627 419">
    <p class='ocr_par' dir='ltr' id='par_1_1' title="bbox 472 335 627 419">
     <span class='ocr_line' id='line_1_1' title="bbox 472 335 627 419; baseline -0.013 -46"><span class='ocrx_word' id='word_1_1' title='bbox 472 335 627 419; x_wconf 8' lang='lat'><strong>,9⁶</strong></span> 
     </span>
    </p>
   </div>
   <div class='ocr_carea' id='block_1_2' title="bbox 13 521 1187 3456">
    <p class='ocr_par' dir='ltr' id='par_1_2' title="bbox 40 521 1187 1871">
     <span class='ocr_line' id='line_1_2' title="bbox 40 521 1095 642; baseline 0.009 -35"><span class='ocrx_word' id='word_1_2' title='bbox 40 541 43 545; x_wconf 87' lang='grc'>’</span> <span class='ocrx_word' id='word_1_3' title='bbox 97 535 222 608; x_wconf 80' lang='lat' dir='ltr'><strong>»circa</strong></span> <span class='ocrx_word' id='word_1_4' title='bbox 240 533 346 635; x_wconf 85' lang='lat' dir='ltr'><strong>hujus</strong></span> <span class='ocrx_word' id='word_1_5' title='bbox 364 525 418 608; x_wconf 90' lang='lat' dir='ltr'><strong>rei</strong></span> <span class='ocrx_word' id='word_1_6' title='bbox 437 548 646 629; x_wconf 87' lang='lat' dir='ltr'><strong>tractatum,</strong></span> <span class='ocrx_word' id='word_1_7' title='bbox 669 521 782 612; x_wconf 79' lang='lat' dir='ltr'><strong>donec</strong></span> <span class='ocrx_word' id='word_1_8' title='bbox 800 532 1011 615; x_wconf 87' lang='lat' dir='ltr'><strong>circumiens</strong></span> <span class='ocrx_word' id='word_1_9' title='bbox 1029 545 1095 642; x_wconf 83' lang='lat' dir='ltr'><strong>pe&#39;r</strong></span> 
     </span>
     <span class='ocr_line' id='line_1_3' title="bbox 48 658 1098 761; baseline 0.004 -29"><span class='ocrx_word' id='word_1_10' title='bbox 48 694 50 698; x_wconf 46' lang='lat'><strong><em>⁴</em></strong></span> <span class='ocrx_word' id='word_1_11' title='bbox 97 672 285 732; x_wconf 80' lang='lat' dir='ltr'><strong>»caeteros</strong></span> <span class='ocrx_word' id='word_1_12' title='bbox 315 658 569 758; x_wconf 85' lang='lat' dir='ltr'><strong>imperatores,</strong></span> <span class='ocrx_word' id='word_1_13' title='bbox 604 660 642 733; x_wconf 93' lang='lat' dir='ltr'><strong>in</strong></span> <span class='ocrx_word' id='word_1_14' title='bbox 673 662 829 736; x_wconf 79' lang='lat' dir='ltr'><strong>Leonem</strong></span> <span class='ocrx_word' id='word_1_15' title='bbox 854 662 934 761; x_wconf 88' lang='lat' dir='ltr'><strong>piae</strong></span> <span class='ocrx_word' id='word_1_16' title='bbox 957 690 1098 737; x_wconf 91' lang='lat' dir='ltr'><strong>memo-</strong></span> 
     </span>
     <span class='ocr_line' id='line_1_4' title="bbox 96 781 1100 886; baseline 0.006 -34"><span class='ocrx_word' id='word_1_17' title='bbox 96 781 203 854; x_wconf 78' lang='lat' dir='ltr'><strong>»riae</strong></span> <span class='ocrx_word' id='word_1_18' title='bbox 220 818 227 827; x_wconf 57' lang='lat'><strong><em>‘</em></strong></span> <span class='ocrx_word' id='word_1_19' title='bbox 245 783 430 882; x_wconf 86' lang='lat' dir='ltr'><strong>pervenit,</strong></span> <span class='ocrx_word' id='word_1_20' title='bbox 473 782 593 859; x_wconf 83' lang='lat' dir='ltr'><strong>virum</strong></span> <span class='ocrx_word' id='word_1_21' title='bbox 634 784 775 858; x_wconf 88' lang='lat' dir='ltr'><strong>fortiter</strong></span> <span class='ocrx_word' id='word_1_22' title='bbox 808 799 911 886; x_wconf 90' lang='lat' dir='ltr'><strong>atque</strong></span> <span class='ocrx_word' id='word_1_23' title='bbox 943 787 1100 861; x_wconf 89' lang='lat' dir='ltr'><strong>viriliter</strong></span> 
     </span>
     <span class='ocr_line' id='line_1_5' title="bbox 96 904 1100 1007; baseline 0.009 -32"><span class='ocrx_word' id='word_1_24' title='bbox 96 905 243 977; x_wconf 90' lang='lat' dir='ltr'><strong>»etiam-</strong></span> <span class='ocrx_word' id='word_1_25' title='bbox 266 904 309 978; x_wconf 89' lang='lat' dir='ltr'><strong>de</strong></span> <span class='ocrx_word' id='word_1_26' title='bbox 341 907 415 979; x_wconf 92' lang='lat' dir='ltr'><strong>istis</strong></span> <span class='ocrx_word' id='word_1_27' title='bbox 445 907 656 1007; x_wconf 83' lang='lat' dir='ltr'><strong>plerumque</strong></span> <span class='ocrx_word' id='word_1_28' title='bbox 683 909 937 984; x_wconf 86' lang='lat' dir='ltr'><strong>sancientem.’&#39;</strong></span> <span class='ocrx_word' id='word_1_29' title='bbox 998 914 1100 1003; x_wconf 84' lang='lat' dir='ltr'><strong>Im0,</strong></span> 
     </span>
     <span class='ocr_line' id='line_1_6' title="bbox 94 1025 1163 1128; baseline 0.012 -33"><span class='ocrx_word' id='word_1_30' title='bbox 94 1025 131 1097; x_wconf 92' lang='lat' dir='ltr'><strong>in</strong></span> <span class='ocrx_word' id='word_1_31' title='bbox 172 1026 443 1101; x_wconf 82' lang='lat' dir='ltr'><strong>Pandeetis&#39;nil</strong></span> <span class='ocrx_word' id='word_1_32' title='bbox 473 1053 636 1128; x_wconf 85' lang='lat' dir='ltr'><strong>expresse</strong></span> <span class='ocrx_word' id='word_1_33' title='bbox 669 1043 822 1104; x_wconf 88' lang='lat' dir='ltr'><strong>cautum</strong></span> <span class='ocrx_word' id='word_1_34' title='bbox 842 1030 1021 1107; x_wconf 89' lang='lat' dir='ltr'><strong>invenitur</strong></span> <span class='ocrx_word' id='word_1_35' title='bbox 1055 1031 1101 1107; x_wconf 85' lang='lat' dir='ltr'><strong>de</strong></span> <span class='ocrx_word' id='word_1_36' title='bbox 1160 1028 1163 1044; x_wconf 64' lang='lat'><strong>¹</strong></span> 
     </span>
     <span class='ocr_line' id='line_1_7' title="bbox 94 1147 1105 1254; baseline 0.007 -35"><span class='ocrx_word' id='word_1_37' title='bbox 94 1147 256 1221; x_wconf 89' lang='lat' dir='ltr'><strong>secundis</strong></span> <span class='ocrx_word' id='word_1_38' title='bbox 287 1150 440 1249; x_wconf 83' lang='lat' dir='ltr'><strong>nuptiis,</strong></span> <span class='ocrx_word' id='word_1_39' title='bbox 477 1152 546 1223; x_wconf 91' lang='lat' dir='ltr'><strong>nisi</strong></span> <span class='ocrx_word' id='word_1_40' title='bbox 569 1152 660 1226; x_wconf 88' lang='lat' dir='ltr'><strong>forte</strong></span> <span class='ocrx_word' id='word_1_41' title='bbox 683 1151 783 1224; x_wconf 75' lang='lat' dir='ltr'><strong>illud&#39;</strong></span> <span class='ocrx_word' id='word_1_42' title='bbox 796 1154 970 1253; x_wconf 86' lang='lat' dir='ltr'><strong>excipias,</strong></span> <span class='ocrx_word' id='word_1_43' title='bbox 985 1189 988 1195; x_wconf 90' lang='lat'>·</span> <span class='ocrx_word' id='word_1_44' title='bbox 1006 1152 1105 1254; x_wconf 76' lang='lat' dir='ltr'><strong>quod</strong></span> 
     </span>
     <span class='ocr_line' id='line_1_8' title="bbox 93 1267 1102 1376; baseline 0.008 -35"><span class='ocrx_word' id='word_1_45' title='bbox 93 1267 259 1345; x_wconf 85' lang='lat' dir='ltr'><strong>docetur:</strong></span> <span class='ocrx_word' id='word_1_46' title='bbox 282 1272 471 1345; x_wconf 90' lang='lat' dir='ltr'><strong>mulierem</strong></span> <span class='ocrx_word' id='word_1_47' title='bbox 493 1272 537 1346; x_wconf 85' lang='lat' dir='ltr'><strong>ad</strong></span> <span class='ocrx_word' id='word_1_48' title='bbox 560 1274 628 1348; x_wconf 89' lang='lat' dir='ltr'><strong>alia</strong></span> <span class='ocrx_word' id='word_1_49' title='bbox 649 1288 732 1351; x_wconf 85' lang='lat' dir='ltr'><strong>vota</strong></span> <span class='ocrx_word' id='word_1_50' title='bbox 752 1288 992 1349; x_wconf 78' lang='lat' dir='ltr'><strong>transeuntem</strong></span> <span class='ocrx_word' id='word_1_51' title='bbox 1012 1303 1102 1376; x_wconf 88' lang='lat' dir='ltr'><strong>per-</strong></span> 
     </span>
     <span class='ocr_line' id='line_1_9' title="bbox 92 1393 1102 1499; baseline 0.006 -33"><span class='ocrx_word' id='word_1_52' title='bbox 92 1393 178 1470; x_wconf 88' lang='lat' dir='ltr'><strong>dere</strong></span> <span class='ocrx_word' id='word_1_53' title='bbox 213 1393 402 1494; x_wconf 79' lang='lat' dir='ltr'><strong>dignitates</strong></span> <span class='ocrx_word' id='word_1_54' title='bbox 435 1397 566 1495; x_wconf 89' lang='lat' dir='ltr'><strong>prioris</strong></span> <span class='ocrx_word' id='word_1_55' title='bbox 597 1398 718 1471; x_wconf 88' lang='lat' dir='ltr'><strong>mariti</strong></span> <span class='ocrx_word' id='word_1_56' title='bbox 744 1396 826 1498; x_wconf 88' lang='grc'><strong>(1),</strong></span> <span class='ocrx_word' id='word_1_57' title='bbox 860 1397 956 1499; x_wconf 91' lang='lat' dir='ltr'><strong>quod</strong></span> <span class='ocrx_word' id='word_1_58' title='bbox 978 1413 1102 1498; x_wconf 85' lang='lat' dir='ltr'><strong>postea</strong></span> 
     </span>
     <span class='ocr_line' id='line_1_10' title="bbox 93 1512 1102 1622; baseline 0.004 -31"><span class='ocrx_word' id='word_1_59' title='bbox 93 1518 137 1591; x_wconf 87' lang='lat' dir='ltr'><strong>ab</strong></span> <span class='ocrx_word' id='word_1_60' title='bbox 169 1512 450 1617; x_wconf 87' lang='lat' dir='ltr'><strong>Imperatoribus</strong></span> <span class='ocrx_word' id='word_1_61' title='bbox 479 1520 700 1593; x_wconf 87' lang='lat' dir='ltr'><strong>Diocletiano</strong></span> <span class='ocrx_word' id='word_1_62' title='bbox 725 1534 762 1594; x_wconf 92' lang='lat' dir='ltr'><strong>et</strong></span> <span class='ocrx_word' id='word_1_63' title='bbox 780 1522 996 1595; x_wconf 80' lang='lat' dir='ltr'><strong>Maximiano</strong></span> <span class='ocrx_word' id='word_1_64' title='bbox 1017 1520 1102 1622; x_wconf 84' lang='lat'><strong>(2),</strong></span> 
     </span>
     <span class='ocr_line' id='line_1_11' title="bbox 92 1642 1187 1724; baseline 0.001 -8"><span class='ocrx_word' id='word_1_65' title='bbox 92 1648 158 1717; x_wconf 83' lang='lat' dir='ltr'><strong>n&#39;ec</strong></span> <span class='ocrx_word' id='word_1_66' title='bbox 184 1669 256 1715; x_wconf 93' lang='lat' dir='ltr'><strong>non</strong></span> <span class='ocrx_word' id='word_1_67' title='bbox 277 1642 402 1716; x_wconf 90' lang='lat' dir='ltr'><strong>deinde</strong></span> <span class='ocrx_word' id='word_1_68' title='bbox 426 1643 470 1716; x_wconf 86' lang='lat' dir='ltr'><strong>ab</strong></span> <span class='ocrx_word' id='word_1_69' title='bbox 492 1644 515 1715; x_wconf 89' lang='lat' dir='ltr'><strong>J</strong></span> <span class='ocrx_word' id='word_1_70' title='bbox 517 1645 691 1719; x_wconf 87' lang='lat' dir='ltr'><strong>ustiniano</strong></span> <span class='ocrx_word' id='word_1_71' title='bbox 710 1643 825 1717; x_wconf 90' lang='lat' dir='ltr'><strong>denuo</strong></span> <span class='ocrx_word' id='word_1_72' title='bbox 849 1645 1023 1718; x_wconf 88' lang='lat' dir='ltr'><strong>sancitum</strong></span> <span class='ocrx_word' id='word_1_73' title='bbox 1041 1645 1103 1717; x_wconf 88' lang='lat' dir='ltr'><strong>in·</strong></span> <span class='ocrx_word' id='word_1_74' title='bbox 1183 1716 1187 1724; x_wconf 90' lang='grc'><em>,</em></span> 
     </span>
     <span class='ocr_line' id='line_1_12' title="bbox 91 1762 1134 1871; baseline 0 -31"><span class='ocrx_word' id='word_1_75' title='bbox 91 1765 255 1840; x_wconf 85' lang='lat' dir='ltr'><strong>venimus</strong></span> <span class='ocrx_word' id='word_1_76' title='bbox 289 1762 363 1865; x_wconf 87' lang='lat'><strong>(3).</strong></span> <span class='ocrx_word' id='word_1_77' title='bbox 424 1767 469 1839; x_wconf 95' lang='lat' dir='ltr'><strong>In</strong></span> <span class='ocrx_word' id='word_1_78' title='bbox 500 1762 626 1848; x_wconf 87' lang='lat' dir='ltr'><strong>codice</strong></span> <span class='ocrx_word' id='word_1_79' title='bbox 640 1791 749 1855; x_wconf 87' lang='lat' dir='ltr'><strong>vero,</strong></span> <span class='ocrx_word' id='word_1_80' title='bbox 783 1766 850 1864; x_wconf 84' lang='lat' dir='ltr'><strong>qui</strong></span> <span class='ocrx_word' id='word_1_81' title='bbox 868 1779 921 1839; x_wconf 90' lang='lat' dir='ltr'><strong>est</strong></span> <span class='ocrx_word' id='word_1_82' title='bbox 941 1766 1134 1871; x_wconf 59' lang='lat' dir='ltr'><strong>collectim</strong></span> 
     </span>
    </p>

    <p class='ocr_par' dir='ltr' id='par_1_3' title="bbox 13 1872 1104 2838">
     <span class='ocr_line' id='line_1_13' title="bbox 13 1872 1103 1987; baseline -0.001 -26"><span class='ocrx_word' id='word_1_83' title='bbox 13 1872 14 1875; x_wconf 8' lang='grc' dir='ltr'><strong>Ἴ</strong></span> <span class='ocrx_word' id='word_1_84' title='bbox 92 1885 382 1969; x_wconf 79' lang='lat' dir='ltr'><strong>constitutionum</strong></span> <span class='ocrx_word' id='word_1_85' title='bbox 409 1885 639 1984; x_wconf 86' lang='lat' dir='ltr'><strong>Principum,</strong></span> <span class='ocrx_word' id='word_1_86' title='bbox 672 1888 828 1960; x_wconf 90' lang='lat' dir='ltr'><strong>occurrit</strong></span> <span class='ocrx_word' id='word_1_87' title='bbox 851 1888 975 1960; x_wconf 89' lang='lat' dir='ltr'><strong>titulus</strong></span> <span class='ocrx_word' id='word_1_88' title='bbox 998 1887 1103 1987; x_wconf 86' lang='lat' dir='ltr'><strong>hujus</strong></span> 
     </span>
     <span class='ocr_line' id='line_1_14' title="bbox 93 2008 1104 2109; baseline 0.002 -27"><span class='ocrx_word' id='word_1_89' title='bbox 93 2010 266 2102; x_wconf 87' lang='lat' dir='ltr'><strong>nominis,</strong></span> <span class='ocrx_word' id='word_1_90' title='bbox 296 2036 315 2082; x_wconf 90' lang='lat' dir='ltr'><strong>e</strong></span> <span class='ocrx_word' id='word_1_91' title='bbox 342 2010 441 2108; x_wconf 87' lang='lat' dir='ltr'><strong>cujus</strong></span> <span class='ocrx_word' id='word_1_92' title='bbox 462 2008 603 2107; x_wconf 80' lang='lat' dir='ltr'><strong>legibus</strong></span> <span class='ocrx_word' id='word_1_93' title='bbox 623 2021 723 2108; x_wconf 88' lang='lat' dir='ltr'><strong>patet</strong></span> <span class='ocrx_word' id='word_1_94' title='bbox 743 2012 984 2109; x_wconf 75' lang='lat' dir='ltr'><strong>Imperatores</strong></span> <span class='ocrx_word' id='word_1_95' title='bbox 1006 2013 1104 2084; x_wconf 88' lang='lat' dir='ltr'><strong>Gra-</strong></span> 
     </span>
     <span class='ocr_line' id='line_1_15' title="bbox 94 2128 1104 2232; baseline 0.003 -31"><span class='ocrx_word' id='word_1_96' title='bbox 94 2131 250 2221; x_wconf 87' lang='lat' dir='ltr'><strong>tianum,</strong></span> <span class='ocrx_word' id='word_1_97' title='bbox 284 2129 575 2202; x_wconf 84' lang='lat' dir='ltr'><strong>Valentinianum</strong></span> <span class='ocrx_word' id='word_1_98' title='bbox 607 2143 642 2201; x_wconf 90' lang='lat' dir='ltr'><strong>et</strong></span> <span class='ocrx_word' id='word_1_99' title='bbox 665 2128 907 2204; x_wconf 90' lang='lat' dir='ltr'><strong>Theodosium</strong></span> <span class='ocrx_word' id='word_1_100' title='bbox 932 2132 1104 2232; x_wconf 91' lang='lat' dir='ltr'><strong>(nonnul-</strong></span> 
     </span>
     <span class='ocr_line' id='line_1_16' title="bbox 94 2252 1103 2353; baseline 0.004 -30"><span class='ocrx_word' id='word_1_101' title='bbox 94 2252 146 2324; x_wconf 94' lang='lat' dir='ltr'><strong>los</strong></span> <span class='ocrx_word' id='word_1_102' title='bbox 174 2278 280 2325; x_wconf 89' lang='lat' dir='ltr'><strong>annos</strong></span> <span class='ocrx_word' id='word_1_103' title='bbox 306 2264 493 2350; x_wconf 77' lang='lat' dir='ltr'><strong>regnantes</strong></span> <span class='ocrx_word' id='word_1_104' title='bbox 516 2263 596 2351; x_wconf 90' lang='lat' dir='ltr'><strong>post</strong></span> <span class='ocrx_word' id='word_1_105' title='bbox 621 2252 890 2326; x_wconf 89' lang='lat' dir='ltr'><strong>Constantinum</strong></span> <span class='ocrx_word' id='word_1_106' title='bbox 911 2279 1103 2353; x_wconf 78' lang='lat' dir='ltr'><strong>magnum,</strong></span> 
     </span>
     <span class='ocr_line' id='line_1_17' title="bbox 92 2373 1104 2477; baseline 0.001 -31"><span class='ocrx_word' id='word_1_107' title='bbox 92 2375 155 2474; x_wconf 82' lang='lat' dir='ltr'><strong>qui</strong></span> <span class='ocrx_word' id='word_1_108' title='bbox 189 2375 324 2477; x_wconf 80' lang='lat' dir='ltr'><strong>primus</strong></span> <span class='ocrx_word' id='word_1_109' title='bbox 357 2387 434 2472; x_wconf 87' lang='lat' dir='ltr'><strong>erat</strong></span> <span class='ocrx_word' id='word_1_110' title='bbox 463 2375 665 2472; x_wconf 85' lang='lat' dir='ltr'><strong>Imperator</strong></span> <span class='ocrx_word' id='word_1_111' title='bbox 691 2373 1104 2474; x_wconf 79' lang='lat' dir='ltr'><strong>Christianae-religioni</strong></span> 
     </span>
     <span class='ocr_line' id='line_1_18' title="bbox 92 2491 1104 2592; baseline -0.002 -23"><span class='ocrx_word' id='word_1_112' title='bbox 92 2493 257 2590; x_wconf 80' lang='lat' dir='ltr'><strong>allectus)</strong></span> <span class='ocrx_word' id='word_1_113' title='bbox 292 2495 461 2591; x_wconf 73' lang='lat' dir='ltr'><strong>maximps</strong></span> <span class='ocrx_word' id='word_1_114' title='bbox 496 2491 645 2567; x_wconf 88' lang='lat' dir='ltr'><strong>edidisse</strong></span> <span class='ocrx_word' id='word_1_115' title='bbox 680 2518 812 2592; x_wconf 87' lang='lat' dir='ltr'><strong>poenas</strong></span> <span class='ocrx_word' id='word_1_116' title='bbox 842 2494 880 2566; x_wconf 92' lang='lat' dir='ltr'><strong>in</strong></span> <span class='ocrx_word' id='word_1_117' title='bbox 911 2495 1104 2586; x_wconf 87' lang='lat' dir='ltr'><strong>faeminas,</strong></span> 
     </span>
     <span class='ocr_line' id='line_1_19' title="bbox 92 2613 1104 2717; baseline -0.001 -27"><span class='ocrx_word' id='word_1_118' title='bbox 92 2644 184 2717; x_wconf 83' lang='lat' dir='ltr'><strong>quae</strong></span> <span class='ocrx_word' id='word_1_119' title='bbox 206 2616 316 2689; x_wconf 86' lang='lat' dir='ltr'><strong>nimia</strong></span> <span class='ocrx_word' id='word_1_120' title='bbox 338 2617 598 2708; x_wconf 81' lang='lat' dir='ltr'><strong>festinatione‚&#39;</strong></span> <span class='ocrx_word' id='word_1_121' title='bbox 617 2613 655 2686; x_wconf 87' lang='lat' dir='ltr'><strong>id</strong></span> <span class='ocrx_word' id='word_1_122' title='bbox 677 2629 731 2688; x_wconf 88' lang='lat' dir='ltr'><strong>est</strong></span> <span class='ocrx_word' id='word_1_123' title='bbox 754 2614 848 2688; x_wconf 86' lang='lat' dir='ltr'><strong>intra</strong></span> <span class='ocrx_word' id='word_1_124' title='bbox 870 2641 1001 2689; x_wconf 88' lang='lat' dir='ltr'><strong>annum</strong></span> <span class='ocrx_word' id='word_1_125' title='bbox 1024 2616 1104 2689; x_wconf 84' lang='lat' dir='ltr'><strong>luc-</strong></span> 
     </span>
     <span class='ocr_line' id='line_1_20' title="bbox 91 2736 973 2838; baseline 0 -26"><span class='ocrx_word' id='word_1_126' title='bbox 91 2741 145 2812; x_wconf 86' lang='lat' dir='ltr'><strong>tui</strong></span> <span class='ocrx_word' id='word_1_127' title='bbox 167 2738 350 2830; x_wconf 79' lang='lat' dir='ltr'><strong>debiturn,</strong></span> <span class='ocrx_word' id='word_1_128' title='bbox 385 2737 429 2811; x_wconf 89' lang='lat' dir='ltr'><strong>ad</strong></span> <span class='ocrx_word' id='word_1_129' title='bbox 452 2739 521 2811; x_wconf 87' lang='lat' dir='ltr'><strong>alia</strong></span> <span class='ocrx_word' id='word_1_130' title='bbox 543 2738 771 2812; x_wconf 83' lang='lat' dir='ltr'><strong>convolarent</strong></span> <span class='ocrx_word' id='word_1_131' title='bbox 793 2751 875 2813; x_wconf 88' lang='lat' dir='ltr'><strong>vota</strong></span> <span class='ocrx_word' id='word_1_132' title='bbox 900 2736 973 2838; x_wconf 72' lang='lat' dir='ltr'><strong>(l)</strong></span> 
     </span>
    </p>

    <p class='ocr_par' dir='ltr' id='par_1_4' title="bbox 54 2859 1106 3456">
     <span class='ocr_line' id='line_1_21' title="bbox 54 2859 1105 2960; baseline -0.005 -24"><span class='ocrx_word' id='word_1_133' title='bbox 54 2868 58 2873; x_wconf 69' lang='grc'><em>’</em></span> <span class='ocrx_word' id='word_1_134' title='bbox 141 2864 219 2936; x_wconf 88' lang='lat' dir='ltr'><strong>Hae</strong></span> <span class='ocrx_word' id='word_1_135' title='bbox 251 2874 369 2934; x_wconf 79' lang='lat' dir='ltr'><strong>autem</strong></span> <span class='ocrx_word' id='word_1_136' title='bbox 399 2887 533 2960; x_wconf 90' lang='lat' dir='ltr'><strong>poenae</strong></span> <span class='ocrx_word' id='word_1_137' title='bbox 547 2868 550 2877; x_wconf 87' lang='lat'>&#39;</span> <span class='ocrx_word' id='word_1_138' title='bbox 565 2860 603 2932; x_wconf 90' lang='lat' dir='ltr'><strong>in</strong></span> <span class='ocrx_word' id='word_1_139' title='bbox 628 2861 723 2936; x_wconf 88' lang='lat' dir='ltr'><strong>viros</strong></span> <span class='ocrx_word' id='word_1_140' title='bbox 746 2859 918 2959; x_wconf 88' lang='lat' dir='ltr'><strong>applicari</strong></span> <span class='ocrx_word' id='word_1_141' title='bbox 941 2885 1011 2932; x_wconf 92' lang='lat' dir='ltr'><strong>non</strong></span> <span class='ocrx_word' id='word_1_142' title='bbox 1032 2885 1105 2959; x_wconf 89' lang='lat' dir='ltr'><strong>po-</strong></span> 
     </span>
     <span class='ocr_line' id='line_1_22' title="bbox 82 2983 1104 3083; baseline -0.004 -23"><span class='ocrx_word' id='word_1_143' title='bbox 82 2999 233 3080; x_wconf 82' lang='lat' dir='ltr'><strong>-terant3</strong></span> <span class='ocrx_word' id='word_1_144' title='bbox 266 2984 379 3057; x_wconf 92' lang='lat' dir='ltr'><strong>luctus</strong></span> <span class='ocrx_word' id='word_1_145' title='bbox 411 2984 507 3057; x_wconf 90' lang='lat' dir='ltr'><strong>enim</strong></span> <span class='ocrx_word' id='word_1_146' title='bbox 539 2983 719 3056; x_wconf 88' lang='lat' dir='ltr'><strong>institutus</strong></span> <span class='ocrx_word' id='word_1_147' title='bbox 752 2998 829 3057; x_wconf 86' lang='lat' dir='ltr'><strong>erat</strong></span> <span class='ocrx_word' id='word_1_148' title='bbox 851 2996 999 3083; x_wconf 90' lang='lat' dir='ltr'><strong>propter</strong></span> <span class='ocrx_word' id='word_1_149' title='bbox 1022 3008 1104 3056; x_wconf 84' lang='lat' dir='ltr'><strong>me-</strong></span> 
     </span>
     <span class='ocr_line' id='line_1_23' title="bbox 91 3088 1104 3206; baseline -0.006 -23"><span class='ocrx_word' id='word_1_150' title='bbox 91 3125 170 3183; x_wconf 91' lang='lat' dir='ltr'><strong>tum</strong></span> <span class='ocrx_word' id='word_1_151' title='bbox 200 3108 413 3181; x_wconf 81' lang='lat' dir='ltr'><strong>turbationis</strong></span> <span class='ocrx_word' id='word_1_152' title='bbox 437 3088 617 3206; x_wconf 75' lang='lat' dir='ltr'><strong>sanguinis</strong></span> <span class='ocrx_word' id='word_1_153' title='bbox 642 3106 725 3206; x_wconf 83' lang='lat'><strong>(5),</strong></span> <span class='ocrx_word' id='word_1_154' title='bbox 760 3121 796 3179; x_wconf 91' lang='lat' dir='ltr'><strong>et</strong></span> <span class='ocrx_word' id='word_1_155' title='bbox 815 3105 875 3178; x_wconf 90' lang='lat' dir='ltr'><strong>hic</strong></span> <span class='ocrx_word' id='word_1_156' title='bbox 896 3119 1010 3179; x_wconf 90' lang='lat' dir='ltr'><strong>metus</strong></span> <span class='ocrx_word' id='word_1_157' title='bbox 1034 3132 1104 3177; x_wconf 94' lang='lat' dir='ltr'><strong>non</strong></span> 
     </span>
     <span class='ocr_line' id='line_1_24' title="bbox 91 3225 1104 3325; baseline -0.005 -18"><span class='ocrx_word' id='word_1_158' title='bbox 91 3235 161 3306; x_wconf 90' lang='lat' dir='ltr'><strong>nisi</strong></span> <span class='ocrx_word' id='word_1_159' title='bbox 191 3233 233 3304; x_wconf 74' lang='lat' dir='ltr'><strong>‘in</strong></span> <span class='ocrx_word' id='word_1_160' title='bbox 266 3231 428 3304; x_wconf 80' lang='lat' dir='ltr'><strong>foeminis</strong></span> <span class='ocrx_word' id='word_1_161' title='bbox 463 3231 581 3302; x_wconf 91' lang='lat' dir='ltr'><strong>locum</strong></span> <span class='ocrx_word' id='word_1_162' title='bbox 618 3227 752 3300; x_wconf 86' lang='lat' dir='ltr'><strong>hahere</strong></span> <span class='ocrx_word' id='word_1_163' title='bbox 786 3241 924 3325; x_wconf 81' lang='lat' dir='ltr'><strong>potest3</strong></span> <span class='ocrx_word' id='word_1_164' title='bbox 970 3225 1032 3299; x_wconf 90' lang='lat' dir='ltr'><strong>sed</strong></span> <span class='ocrx_word' id='word_1_165' title='bbox 1068 3240 1104 3302; x_wconf 87' lang='lat' dir='ltr'><strong>et</strong></span> 
     </span>
     <span class='ocr_line' id='line_1_25' title="bbox 93 3349 1106 3456; baseline -0.006 -27"><span class='ocrx_word' id='word_1_166' title='bbox 93 3356 238 3456; x_wconf 89' lang='lat' dir='ltr'><strong>insuper</strong></span> <span class='ocrx_word' id='word_1_167' title='bbox 286 3354 363 3455; x_wconf 88' lang='lat' dir='ltr'><strong>ipsa</strong></span> <span class='ocrx_word' id='word_1_168' title='bbox 386 3351 490 3450; x_wconf 76' lang='lat' dir='ltr'><strong>&#39;lege</strong></span> <span class='ocrx_word' id='word_1_169' title='bbox 527 3349 598 3424; x_wconf 87' lang='lat' dir='ltr'><strong>viri</strong></span> <span class='ocrx_word' id='word_1_170' title='bbox 634 3350 678 3425; x_wconf 82' lang='lat' dir='ltr'><strong>ab</strong></span> <span class='ocrx_word' id='word_1_171' title='bbox 713 3349 810 3423; x_wconf 90' lang='lat' dir='ltr'><strong>omni</strong></span> <span class='ocrx_word' id='word_1_172' title='bbox 847 3358 969 3424; x_wconf 88' lang='lat' dir='ltr'><strong>onere</strong></span> <span class='ocrx_word' id='word_1_173' title='bbox 990 3349 1106 3424; x_wconf 84' lang='lat' dir='ltr'><strong>luctus</strong></span> 
     </span>
    </p>
   </div>
   <div class='ocr_carea' id='block_1_3' title="bbox 97 3643 739 3988">
    <p class='ocr_par' dir='ltr' id='par_1_5' title="bbox 97 3643 624 3718">
     <span class='ocr_line' id='line_1_26' title="bbox 97 3643 624 3718; baseline -0.009 -19"><span class='ocrx_word' id='word_1_174' title='bbox 97 3649 138 3718; x_wconf 87' lang='lat'><strong>(1)</strong></span> <span class='ocrx_word' id='word_1_175' title='bbox 153 3648 184 3698; x_wconf 88' lang='lat' dir='ltr'><strong>·l.</strong></span> <span class='ocrx_word' id='word_1_176' title='bbox 202 3648 236 3698; x_wconf 79' lang='lat'><strong>22</strong></span> <span class='ocrx_word' id='word_1_177' title='bbox 254 3649 271 3715; x_wconf 67' lang='lat' dir='ltr'><strong>d</strong></span> <span class='ocrx_word' id='word_1_178' title='bbox 288 3648 303 3699; x_wconf 90' lang='lat'>1</span> <span class='ocrx_word' id='word_1_179' title='bbox 322 3646 355 3697; x_wconf 88' lang='lat' dir='ltr'><strong>D.</strong></span> <span class='ocrx_word' id='word_1_180' title='bbox 374 3646 407 3696; x_wconf 85' lang='lat' dir='ltr'><strong>ad</strong></span> <span class='ocrx_word' id='word_1_181' title='bbox 424 3643 624 3716; x_wconf 85' lang='lat' dir='ltr'><strong>municipalem.</strong></span> 
     </span>
    </p>

    <p class='ocr_par' dir='ltr' id='par_1_6' title="bbox 97 3736 511 3808">
     <span class='ocr_line' id='line_1_27' title="bbox 97 3736 511 3808; baseline -0.012 -18"><span class='ocrx_word' id='word_1_182' title='bbox 97 3740 139 3808; x_wconf 73' lang='lat'>(⁶2)</span> <span class='ocrx_word' id='word_1_183' title='bbox 164 3737 184 3788; x_wconf 94' lang='lat' dir='ltr'><strong>l.</strong></span> <span class='ocrx_word' id='word_1_184' title='bbox 201 3739 236 3790; x_wconf 93' lang='lat'><strong>10</strong></span> <span class='ocrx_word' id='word_1_185' title='bbox 253 3737 321 3792; x_wconf 83' lang='lat' dir='ltr'><strong>cod.</strong></span> <span class='ocrx_word' id='word_1_186' title='bbox 341 3737 375 3788; x_wconf 80' lang='lat' dir='ltr'><strong>da</strong></span> <span class='ocrx_word' id='word_1_187' title='bbox 392 3736 511 3807; x_wconf 87' lang='lat' dir='ltr'><strong>Nuptiis.</strong></span> 
     </span>
    </p>

    <p class='ocr_par' dir='ltr' id='par_1_7' title="bbox 98 3815 434 3899">
     <span class='ocr_line' id='line_1_28' title="bbox 98 3815 434 3899; baseline -0.009 -17"><span class='ocrx_word' id='word_1_188' title='bbox 98 3831 139 3899; x_wconf 83' lang='lat' dir='ltr'><strong>(a)</strong></span> <span class='ocrx_word' id='word_1_189' title='bbox 164 3815 234 3881; x_wconf 71' lang='lat' dir='ltr'><strong>uo&#39;v.</strong></span> <span class='ocrx_word' id='word_1_190' title='bbox 251 3829 324 3881; x_wconf 83' lang='lat' dir='ltr'><strong>xxn</strong></span> <span class='ocrx_word' id='word_1_191' title='bbox 342 3828 373 3882; x_wconf 89' lang='lat' dir='ltr'><strong>o.</strong></span> <span class='ocrx_word' id='word_1_192' title='bbox 391 3830 434 3880; x_wconf 82' lang='lat' dir='ltr'><strong>aa.</strong></span> 
     </span>
    </p>

    <p class='ocr_par' dir='ltr' id='par_1_8' title="bbox 98 3903 739 3988">
     <span class='ocr_line' id='line_1_29' title="bbox 98 3903 739 3988; baseline -0.009 -16"><span class='ocrx_word' id='word_1_193' title='bbox 98 3923 138 3988; x_wconf 81' lang='lat' dir='ltr'><strong>(l)</strong></span> <span class='ocrx_word' id='word_1_194' title='bbox 164 3919 246 3970; x_wconf 76' lang='lat' dir='ltr'><strong>Vidd.</strong></span> <span class='ocrx_word' id='word_1_195' title='bbox 264 3913 284 3969; x_wconf 90' lang='lat' dir='ltr'><strong>l.</strong></span> <span class='ocrx_word' id='word_1_196' title='bbox 302 3919 316 3969; x_wconf 89' lang='lat'>1</span> <span class='ocrx_word' id='word_1_197' title='bbox 336 3929 363 3969; x_wconf 88' lang='lat' dir='ltr'><strong>et</strong></span> <span class='ocrx_word' id='word_1_198' title='bbox 379 3903 405 3968; x_wconf 66' lang='lat'><strong>2¹2</strong></span> <span class='ocrx_word' id='word_1_199' title='bbox 425 3918 456 3972; x_wconf 86' lang='lat' dir='ltr'><strong>O.</strong></span> <span class='ocrx_word' id='word_1_200' title='bbox 475 3918 509 3968; x_wconf 88' lang='lat' dir='ltr'><strong>de</strong></span> <span class='ocrx_word' id='word_1_201' title='bbox 527 3915 637 3969; x_wconf 87' lang='lat' dir='ltr'><strong>secund.</strong></span> <span class='ocrx_word' id='word_1_202' title='bbox 656 3914 739 3986; x_wconf 86' lang='lat' dir='ltr'><strong>Nupt.</strong></span> 
     </span>
    </p>
   </div>
   <div class='ocr_carea' id='block_1_4' title="bbox 98 4008 834 4080">
    <p class='ocr_par' dir='ltr' id='par_1_9' title="bbox 98 4008 834 4080">
     <span class='ocr_line' id='line_1_30' title="bbox 98 4008 834 4080; baseline -0.011 -16"><span class='ocrx_word' id='word_1_203' title='bbox 98 4014 138 4080; x_wconf 83' lang='grc'><strong>(5)</strong></span> <span class='ocrx_word' id='word_1_204' title='bbox 166 4013 183 4064; x_wconf 89' lang='grc' dir='ltr'><strong>Ι.</strong></span> <span class='ocrx_word' id='word_1_205' title='bbox 203 4013 235 4064; x_wconf 84' lang='lat'><strong>11</strong></span> <span class='ocrx_word' id='word_1_206' title='bbox 255 4011 271 4078; x_wconf 64' lang='lat' dir='ltr'><strong>d</strong></span> <span class='ocrx_word' id='word_1_207' title='bbox 289 4008 354 4063; x_wconf 71' lang='lat'>21).</span> <span class='ocrx_word' id='word_1_208' title='bbox 373 4009 486 4078; x_wconf 85' lang='lat' dir='ltr'><strong>dehis,</strong></span> <span class='ocrx_word' id='word_1_209' title='bbox 506 4011 554 4080; x_wconf 86' lang='lat' dir='ltr'><strong>qui</strong></span> <span class='ocrx_word' id='word_1_210' title='bbox 573 4009 683 4062; x_wconf 86' lang='lat' dir='ltr'><strong>infamia</strong></span> <span class='ocrx_word' id='word_1_211' title='bbox 700 4008 834 4061; x_wconf 74' lang='lat' dir='ltr'><strong>notantur.</strong></span> 
     </span>
    </p>
   </div>
   <div class='ocr_carea' id='block_1_5' title="bbox 0 0 1258 4852">
    <p class='ocr_par' dir='ltr' id='par_1_10' title="bbox 0 0 1258 4852">
     <span class='ocr_line' id='line_1_31' title="bbox 0 0 1258 4852; baseline 0 0"><span class='ocrx_word' id='word_1_212' title='bbox 0 0 1258 4852; x_wconf 95' lang='lat' dir='ltr'><strong> </strong></span> 
     </span>
    </p>
   </div>
  </div>
 </body>
</html>
