<?xml version="1.0" encoding="UTF-8"?>
<!DOCTYPE html PUBLIC "-//W3C//DTD XHTML 1.0 Transitional//EN"
    "http://www.w3.org/TR/xhtml1/DTD/xhtml1-transitional.dtd">
<html xmlns="http://www.w3.org/1999/xhtml" xml:lang="en" lang="en">
 <head>
  <title>
</title>
<meta http-equiv="Content-Type" content="text/html;charset=utf-8" />
  <meta name='ocr-system' content='tesseract 3.04.00' />
  <meta name='ocr-capabilities' content='ocr_page ocr_carea ocr_par ocr_line ocrx_word'/>
</head>
<body>
  <div class='ocr_page' id='page_1' title='image "./dissertatiojuri00moorgoog_0022.png"; bbox 0 0 2506 4852; ppageno 0'>
   <div class='ocr_carea' id='block_1_1' title="bbox 585 300 736 428">
    <p class='ocr_par' dir='ltr' id='par_1_1' title="bbox 585 300 736 428">
     <span class='ocr_line' id='line_1_1' title="bbox 585 300 736 428; baseline 0 0"><span class='ocrx_word' id='word_1_1' title='bbox 585 346 673 428; x_wconf 54' lang='lat'><strong>111&gt;</strong></span> <span class='ocrx_word' id='word_1_2' title='bbox 728 300 736 316; x_wconf 87' lang='grc'>’</span> 
     </span>
    </p>
   </div>
   <div class='ocr_carea' id='block_1_2' title="bbox 71 543 1141 3574">
    <p class='ocr_par' dir='ltr' id='par_1_2' title="bbox 114 543 1141 2231">
     <span class='ocr_line' id='line_1_2' title="bbox 166 543 1124 646; baseline 0 -24"><span class='ocrx_word' id='word_1_3' title='bbox 166 546 413 644; x_wconf 69' lang='lat' dir='ltr'><strong>Imperatores</strong></span> <span class='ocrx_word' id='word_1_4' title='bbox 440 569 528 621; x_wconf 76' lang='lat' dir='ltr'><strong>vero</strong></span> <span class='ocrx_word' id='word_1_5' title='bbox 562 545 638 622; x_wconf 86' lang='lat' dir='ltr'><strong>Leo</strong></span> <span class='ocrx_word' id='word_1_6' title='bbox 669 557 706 619; x_wconf 89' lang='lat' dir='ltr'><strong>et</strong></span> <span class='ocrx_word' id='word_1_7' title='bbox 727 543 935 621; x_wconf 85' lang='lat' dir='ltr'><strong>Anthemius</strong></span> <span class='ocrx_word' id='word_1_8' title='bbox 959 548 1124 646; x_wconf 89' lang='lat' dir='ltr'><strong>perfece-</strong></span> 
     </span>
     <span class='ocr_line' id='line_1_3' title="bbox 118 663 1127 772; baseline 0.006 -34"><span class='ocrx_word' id='word_1_9' title='bbox 118 679 206 739; x_wconf 88' lang='lat' dir='ltr'><strong>runt·</strong></span> <span class='ocrx_word' id='word_1_10' title='bbox 237 663 484 762; x_wconf 75' lang='lat' dir='ltr'><strong>fundamenta,</strong></span> <span class='ocrx_word' id='word_1_11' title='bbox 519 666 648 772; x_wconf 80' lang='lat' dir='ltr'><strong>quibos</strong></span> <span class='ocrx_word' id='word_1_12' title='bbox 680 667 898 742; x_wconf 84' lang='lat' dir='ltr'><strong>Justinianus</strong></span> <span class='ocrx_word' id='word_1_13' title='bbox 922 683 1044 768; x_wconf 88' lang='lat' dir='ltr'><strong>postea</strong></span> <span class='ocrx_word' id='word_1_14' title='bbox 1068 670 1127 745; x_wconf 88' lang='lat' dir='ltr'><strong>le-</strong></span> 
     </span>
     <span class='ocr_line' id='line_1_4' title="bbox 117 787 1125 889; baseline 0.007 -31"><span class='ocrx_word' id='word_1_15' title='bbox 117 787 344 887; x_wconf 80' lang='lat' dir='ltr'><strong>gislationem</strong></span> <span class='ocrx_word' id='word_1_16' title='bbox 366 810 466 863; x_wconf 76' lang='lat' dir='ltr'><strong>artam</strong></span> <span class='ocrx_word' id='word_1_17' title='bbox 484 789 738 889; x_wconf 81' lang='lat' dir='ltr'><strong>superstruxit.</strong></span> <span class='ocrx_word' id='word_1_18' title='bbox 790 790 851 863; x_wconf 91' lang='lat' dir='ltr'><strong>Illi</strong></span> <span class='ocrx_word' id='word_1_19' title='bbox 877 789 1125 866; x_wconf 74' lang='lat' dir='ltr'><strong>enimtinuho</strong></span> 
     </span>
     <span class='ocr_line' id='line_1_5' title="bbox 117 911 1127 1015; baseline 0.004 -32"><span class='ocrx_word' id='word_1_20' title='bbox 117 924 339 1010; x_wconf 73' lang='lat' dir='ltr'><strong>negaverunt</strong></span> <span class='ocrx_word' id='word_1_21' title='bbox 364 911 586 1006; x_wconf 83' lang='lat' dir='ltr'><strong>facultatem,</strong></span> <span class='ocrx_word' id='word_1_22' title='bbox 622 911 774 989; x_wconf 89' lang='lat' dir='ltr'><strong>secundo</strong></span> <span class='ocrx_word' id='word_1_23' title='bbox 801 914 943 1013; x_wconf 76' lang='lat' dir='ltr'><strong>conjugi</strong></span> <span class='ocrx_word' id='word_1_24' title='bbox 969 913 1127 1015; x_wconf 84' lang='lat' dir='ltr'><strong>aliquid,</strong></span> 
     </span>
     <span class='ocr_line' id='line_1_6' title="bbox 114 1032 1129 1137; baseline 0.004 -28"><span class='ocrx_word' id='word_1_25' title='bbox 114 1049 260 1135; x_wconf 86' lang='lat' dir='ltr'><strong>quoquo</strong></span> <span class='ocrx_word' id='word_1_26' title='bbox 291 1032 417 1127; x_wconf 88' lang='lat' dir='ltr'><strong>modo,</strong></span> <span class='ocrx_word' id='word_1_27' title='bbox 448 1033 559 1111; x_wconf 22' lang='lat' dir='ltr'><strong>&#39;dandi’</strong></span> <span class='ocrx_word' id='word_1_28' title='bbox 584 1037 644 1114; x_wconf 78' lang='lat' dir='ltr'><strong>rel</strong></span> <span class='ocrx_word' id='word_1_29' title='bbox 674 1035 896 1136; x_wconf 83' lang='lat' dir='ltr'><strong>relinquendi</strong></span> <span class='ocrx_word' id='word_1_30' title='bbox 919 1036 1014 1111; x_wconf 89' lang='lat' dir='ltr'><strong>ultra</strong></span> <span class='ocrx_word' id='word_1_31' title='bbox 1039 1064 1129 1137; x_wconf 88' lang='lat' dir='ltr'><strong>por-</strong></span> 
     </span>
     <span class='ocr_line' id='line_1_7' title="bbox 118 1156 1129 1264; baseline 0.006 -36"><span class='ocrx_word' id='word_1_32' title='bbox 118 1157 252 1230; x_wconf 85' lang='lat' dir='ltr'>tionem</span> <span class='ocrx_word' id='word_1_33' title='bbox 287 1156 455 1264; x_wconf 80' lang='lat' dir='ltr'><strong>fib&#39;alem3</strong></span> <span class='ocrx_word' id='word_1_34' title='bbox 491 1157 529 1233; x_wconf 92' lang='lat' dir='ltr'><strong>id</strong></span> <span class='ocrx_word' id='word_1_35' title='bbox 553 1173 607 1233; x_wconf 88' lang='lat' dir='ltr'><strong>est</strong></span> <span class='ocrx_word' id='word_1_36' title='bbox 631 1171 774 1258; x_wconf 84' lang='lat' dir='ltr'><strong>praeter</strong></span> <span class='ocrx_word' id='word_1_37' title='bbox 799 1157 859 1251; x_wconf 80' lang='lat' dir='ltr'><strong>id,</strong></span> <span class='ocrx_word' id='word_1_38' title='bbox 897 1158 995 1259; x_wconf 77' lang='lat' dir='ltr'><strong>quod¹</strong></span> <span class='ocrx_word' id='word_1_39' title='bbox 1016 1184 1129 1234; x_wconf 85' lang='lat' dir='ltr'><strong>unus-</strong></span> 
     </span>
     <span class='ocr_line' id='line_1_8' title="bbox 119 1277 1130 1381; baseline 0.002 -32"><span class='ocrx_word' id='word_1_40' title='bbox 119 1279 268 1378; x_wconf 84' lang='lat' dir='ltr'>quisque</span> <span class='ocrx_word' id='word_1_41' title='bbox 289 1277 438 1371; x_wconf 85' lang='lat' dir='ltr'><strong>binubi,</strong></span> <span class='ocrx_word' id='word_1_42' title='bbox 473 1280 532 1355; x_wconf 83' lang='lat' dir='ltr'><strong>vel</strong></span> <span class='ocrx_word' id='word_1_43' title='bbox 553 1279 707 1353; x_wconf 86' lang='lat' dir='ltr'><strong>binubae</strong></span> <span class='ocrx_word' id='word_1_44' title='bbox 729 1280 949 1373; x_wconf 87' lang='lat' dir='ltr'><strong>liberorum,</strong></span> <span class='ocrx_word' id='word_1_45' title='bbox 983 1307 1026 1354; x_wconf 85' lang='lat' dir='ltr'><strong>ex</strong></span> <span class='ocrx_word' id='word_1_46' title='bbox 1048 1280 1130 1381; x_wconf 87' lang='lat' dir='ltr'><strong>pri-</strong></span> 
     </span>
     <span class='ocr_line' id='line_1_9' title="bbox 119 1401 1130 1502; baseline 0 -30"><span class='ocrx_word' id='word_1_47' title='bbox 119 1401 240 1472; x_wconf 85' lang='lat' dir='ltr'><strong>oribus</strong></span> <span class='ocrx_word' id='word_1_48' title='bbox 264 1401 417 1500; x_wconf 85' lang='lat' dir='ltr'><strong>nuptiis,</strong></span> <span class='ocrx_word' id='word_1_49' title='bbox 441 1403 663 1502; x_wconf 84' lang='lat' dir='ltr'><strong>perceperit3</strong></span> <span class='ocrx_word' id='word_1_50' title='bbox 702 1415 737 1475; x_wconf 85' lang='lat' dir='ltr'><strong>et</strong></span> <span class='ocrx_word' id='word_1_51' title='bbox 762 1403 792 1474; x_wconf 93' lang='lat' dir='ltr'><strong>si</strong></span> <span class='ocrx_word' id='word_1_52' title='bbox 816 1401 1017 1501; x_wconf 84' lang='lat' dir='ltr'><strong>inaequales</strong></span> <span class='ocrx_word' id='word_1_53' title='bbox 1040 1428 1130 1501; x_wconf 88' lang='lat' dir='ltr'><strong>par-</strong></span> 
     </span>
     <span class='ocr_line' id='line_1_10' title="bbox 118 1521 1130 1624; baseline -0.001 -28"><span class='ocrx_word' id='word_1_54' title='bbox 118 1537 170 1597; x_wconf 84' lang='lat' dir='ltr'><strong>tes</strong></span> <span class='ocrx_word' id='word_1_55' title='bbox 208 1536 416 1623; x_wconf 80' lang='lat' dir='ltr'><strong>acceperant</strong></span> <span class='ocrx_word' id='word_1_56' title='bbox 440 1523 547 1596; x_wconf 88' lang='lat' dir='ltr'><strong>liberi</strong></span> <span class='ocrx_word' id='word_1_57' title='bbox 557 1521 578 1617; x_wconf 89' lang='lat'><strong>,&#39;</strong></span> <span class='ocrx_word' id='word_1_58' title='bbox 607 1523 779 1604; x_wconf 84' lang='lat' dir='ltr'><strong>secundus</strong></span> <span class='ocrx_word' id='word_1_59' title='bbox 806 1525 931 1624; x_wconf 88' lang='lat' dir='ltr'><strong>conjux</strong></span> <span class='ocrx_word' id='word_1_60' title='bbox 955 1550 1026 1598; x_wconf 92' lang='lat' dir='ltr'><strong>non</strong></span> <span class='ocrx_word' id='word_1_61' title='bbox 1049 1524 1130 1623; x_wconf 91' lang='lat' dir='ltr'><strong>plus</strong></span> 
     </span>
     <span class='ocr_line' id='line_1_11' title="bbox 120 1644 1132 1746; baseline -0.003 -26"><span class='ocrx_word' id='word_1_62' title='bbox 120 1647 281 1745; x_wconf 86' lang='lat' dir='ltr'><strong>accipere</strong></span> <span class='ocrx_word' id='word_1_63' title='bbox 314 1646 451 1745; x_wconf 85' lang='lat' dir='ltr'><strong>potuit,</strong></span> <span class='ocrx_word' id='word_1_64' title='bbox 487 1671 593 1746; x_wconf 88' lang='lat' dir='ltr'><strong>quam</strong></span> <span class='ocrx_word' id='word_1_65' title='bbox 629 1645 690 1720; x_wconf 85' lang='lat' dir='ltr'><strong>ifle</strong></span> <span class='ocrx_word' id='word_1_66' title='bbox 716 1645 935 1738; x_wconf 86' lang='lat' dir='ltr'><strong>liberorum,</strong></span> <span class='ocrx_word' id='word_1_67' title='bbox 972 1644 1033 1745; x_wconf 85' lang='lat' dir='ltr'><strong>qui</strong></span> <span class='ocrx_word' id='word_1_68' title='bbox 1058 1644 1132 1718; x_wconf 89' lang='lat' dir='ltr'><strong>mi-</strong></span> 
     </span>
     <span class='ocr_line' id='line_1_12' title="bbox 118 1766 1131 1867; baseline 0.001 -27"><span class='ocrx_word' id='word_1_69' title='bbox 118 1769 254 1840; x_wconf 88' lang='lat' dir='ltr'><strong>nimam</strong></span> <span class='ocrx_word' id='word_1_70' title='bbox 287 1768 489 1866; x_wconf 86' lang='lat' dir='ltr'><strong>portionem</strong></span> <span class='ocrx_word' id='word_1_71' title='bbox 524 1766 683 1851; x_wconf 87' lang='lat' dir='ltr'><strong>haberet.</strong></span> <span class='ocrx_word' id='word_1_72' title='bbox 736 1767 841 1862; x_wconf 86' lang='lat' dir='ltr'><strong>Quod</strong></span> <span class='ocrx_word' id='word_1_73' title='bbox 866 1768 896 1841; x_wconf 90' lang='lat' dir='ltr'><strong>si</strong></span> <span class='ocrx_word' id='word_1_74' title='bbox 927 1766 1013 1867; x_wconf 90' lang='lat' dir='ltr'><strong>quid</strong></span> <span class='ocrx_word' id='word_1_75' title='bbox 1037 1767 1131 1841; x_wconf 86' lang='lat' dir='ltr'><strong>ultra</strong></span> 
     </span>
     <span class='ocr_line' id='line_1_13' title="bbox 119 1886 1129 1988; baseline -0.003 -26"><span class='ocrx_word' id='word_1_76' title='bbox 119 1889 241 1963; x_wconf 88' lang='lat' dir='ltr'><strong>datum</strong></span> <span class='ocrx_word' id='word_1_77' title='bbox 276 1901 368 1962; x_wconf 86' lang='lat' dir='ltr'><strong>esset</strong></span> <span class='ocrx_word' id='word_1_78' title='bbox 402 1886 554 1961; x_wconf 89' lang='lat' dir='ltr'><strong>secundo</strong></span> <span class='ocrx_word' id='word_1_79' title='bbox 589 1889 760 1987; x_wconf 72' lang='lat' dir='ltr'><strong>conjugi,¹</strong></span> <span class='ocrx_word' id='word_1_80' title='bbox 781 1889 849 1961; x_wconf 92' lang='lat' dir='ltr'><strong>hoc</strong></span> <span class='ocrx_word' id='word_1_81' title='bbox 873 1888 942 1988; x_wconf 91' lang='lat' dir='ltr'><strong>ipsi</strong></span> <span class='ocrx_word' id='word_1_82' title='bbox 968 1887 1129 1961; x_wconf 89' lang='lat' dir='ltr'><strong>adimen-</strong></span> 
     </span>
     <span class='ocr_line' id='line_1_14' title="bbox 121 1992 1141 2110; baseline 0 -27"><span class='ocrx_word' id='word_1_83' title='bbox 121 2010 204 2084; x_wconf 89' lang='lat' dir='ltr'><strong>dum</strong></span> <span class='ocrx_word' id='word_1_84' title='bbox 230 2023 307 2085; x_wconf 84' lang='lat' dir='ltr'><strong>erat</strong></span> <span class='ocrx_word' id='word_1_85' title='bbox 330 2011 368 2083; x_wconf 93' lang='lat' dir='ltr'><strong>in</strong></span> <span class='ocrx_word' id='word_1_86' title='bbox 393 2010 534 2083; x_wconf 84' lang='lat' dir='ltr'><strong>lucrum</strong></span> <span class='ocrx_word' id='word_1_87' title='bbox 558 2023 596 2085; x_wconf 85' lang='lat' dir='ltr'><strong>et</strong></span> <span class='ocrx_word' id='word_1_88' title='bbox 618 1992 841 2088; x_wconf 59' lang='lat' dir='ltr'><strong>in⁶favorem</strong></span> <span class='ocrx_word' id='word_1_89' title='bbox 863 2005 1141 2110; x_wconf 31' lang='lat' dir='ltr'><strong>praedictorum*</strong></span> 
     </span>
     <span class='ocr_line' id='line_1_15' title="bbox 122 2128 447 2231; baseline 0.006 -29"><span class='ocrx_word' id='word_1_90' title='bbox 122 2132 321 2205; x_wconf 88' lang='lat' dir='ltr'><strong>liberorum·</strong></span> <span class='ocrx_word' id='word_1_91' title='bbox 336 2128 417 2231; x_wconf 89' lang='lat'>(1).</span> <span class='ocrx_word' id='word_1_92' title='bbox 444 2212 447 2224; x_wconf 15' lang='grc' dir='ltr'>η</span> 
     </span>
    </p>

    <p class='ocr_par' dir='ltr' id='par_1_3' title="bbox 71 2245 1135 3574">
     <span class='ocr_line' id='line_1_16' title="bbox 169 2245 1130 2354; baseline -0.001 -26"><span class='ocrx_word' id='word_1_93' title='bbox 169 2255 294 2329; x_wconf 89' lang='lat' dir='ltr'><strong>Plures</strong></span> <span class='ocrx_word' id='word_1_94' title='bbox 327 2245 566 2327; x_wconf 82' lang='lat' dir='ltr'><strong>institutiones</strong></span> <span class='ocrx_word' id='word_1_95' title='bbox 601 2279 691 2352; x_wconf 90' lang='lat' dir='ltr'><strong>qnae</strong></span> <span class='ocrx_word' id='word_1_96' title='bbox 726 2253 949 2354; x_wconf 89' lang='lat' dir='ltr'><strong>prospiciunt</strong></span> <span class='ocrx_word' id='word_1_97' title='bbox 982 2253 1130 2348; x_wconf 87' lang='lat' dir='ltr'><strong>liberis,</strong></span> 
     </span>
     <span class='ocr_line' id='line_1_17' title="bbox 123 2374 1131 2478; baseline 0 -29"><span class='ocrx_word' id='word_1_98' title='bbox 123 2379 354 2478; x_wconf 75' lang='lat' dir='ltr'><strong>coircentque</strong></span> <span class='ocrx_word' id='word_1_99' title='bbox 380 2376 547 2476; x_wconf 76' lang='lat' dir='ltr'><strong>conjuges</strong></span> <span class='ocrx_word' id='word_1_100' title='bbox 571 2374 745 2467; x_wconf 79' lang='lat' dir='ltr'><strong>binubos,</strong></span> <span class='ocrx_word' id='word_1_101' title='bbox 775 2374 864 2447; x_wconf 85' lang='lat' dir='ltr'><strong>huia</strong></span> <span class='ocrx_word' id='word_1_102' title='bbox 884 2375 989 2448; x_wconf 87' lang='lat' dir='ltr'><strong>titulo</strong></span> <span class='ocrx_word' id='word_1_103' title='bbox 1013 2376 1131 2450; x_wconf 85' lang='lat' dir='ltr'><strong>inser-</strong></span> 
     </span>
     <span class='ocr_line' id='line_1_18' title="bbox 120 2496 1132 2591; baseline 0 -19"><span class='ocrx_word' id='word_1_104' title='bbox 120 2513 176 2573; x_wconf 86' lang='lat' dir='ltr'><strong>tae</strong></span> <span class='ocrx_word' id='word_1_105' title='bbox 210 2511 314 2591; x_wconf 86' lang='lat' dir='ltr'><strong>sunt,</strong></span> <span class='ocrx_word' id='word_1_106' title='bbox 348 2498 480 2575; x_wconf 82' lang='lat' dir='ltr'><strong>v&#39;eluri:</strong></span> <span class='ocrx_word' id='word_1_107' title='bbox 517 2496 563 2572; x_wconf 89' lang='lat' dir='ltr'><strong>de</strong></span> <span class='ocrx_word' id='word_1_108' title='bbox 586 2498 774 2572; x_wconf 84' lang='lat' dir='ltr'><strong>usufructu</strong></span> <span class='ocrx_word' id='word_1_109' title='bbox 796 2523 920 2573; x_wconf 86' lang='lat' dir='ltr'><strong>rerum</strong></span> <span class='ocrx_word' id='word_1_110' title='bbox 943 2497 1132 2572; x_wconf 84' lang='lat' dir='ltr'><strong>mobilium</strong></span> 
     </span>
     <span class='ocr_line' id='line_1_19' title="bbox 120 2618 1132 2723; baseline -0.002 -29"><span class='ocrx_word' id='word_1_111' title='bbox 120 2626 313 2721; x_wconf 84' lang='lat' dir='ltr'><strong>earumque</strong></span> <span class='ocrx_word' id='word_1_112' title='bbox 359 2621 519 2695; x_wconf 83' lang='lat' dir='ltr'><strong>cautione</strong></span> <span class='ocrx_word' id='word_1_113' title='bbox 564 2620 608 2723; x_wconf 89' lang='lat' dir='ltr'><strong>(l.</strong></span> <span class='ocrx_word' id='word_1_114' title='bbox 653 2618 722 2718; x_wconf 85' lang='lat' dir='ltr'><strong>l.);</strong></span> <span class='ocrx_word' id='word_1_115' title='bbox 771 2618 887 2722; x_wconf 87' lang='lat' dir='ltr'><strong>deque</strong></span> <span class='ocrx_word' id='word_1_116' title='bbox 930 2619 1028 2694; x_wconf 88' lang='lat' dir='ltr'><strong>bisce</strong></span> <span class='ocrx_word' id='word_1_117' title='bbox 1071 2620 1132 2692; x_wconf 83' lang='lat' dir='ltr'><strong>lu·</strong></span> 
     </span>
     <span class='ocr_line' id='line_1_20' title="bbox 119 2739 1132 2843; baseline -0.002 -26"><span class='ocrx_word' id='word_1_118' title='bbox 119 2744 212 2836; x_wconf 83' lang='lat' dir='ltr'><strong>cris,</strong></span> <span class='ocrx_word' id='word_1_119' title='bbox 247 2741 373 2815; x_wconf 89' lang='lat' dir='ltr'><strong>liberis</strong></span> <span class='ocrx_word' id='word_1_120' title='bbox 408 2739 522 2834; x_wconf 86' lang='lat' dir='ltr'><strong>datis,</strong></span> <span class='ocrx_word' id='word_1_121' title='bbox 560 2743 669 2816; x_wconf 85' lang='lat' dir='ltr'><strong>ctiam</strong></span> <span class='ocrx_word' id='word_1_122' title='bbox 701 2742 740 2815; x_wconf 92' lang='lat' dir='ltr'><strong>in</strong></span> <span class='ocrx_word' id='word_1_123' title='bbox 772 2755 919 2843; x_wconf 86' lang='lat' dir='ltr'><strong>nepotes</strong></span> <span class='ocrx_word' id='word_1_124' title='bbox 943 2756 1132 2817; x_wconf 88' lang='lat' dir='ltr'><strong>transcun-</strong></span> 
     </span>
     <span class='ocr_line' id='line_1_21' title="bbox 117 2862 1133 2964; baseline 0.001 -26"><span class='ocrx_word' id='word_1_125' title='bbox 117 2867 215 2938; x_wconf 84' lang='lat' dir='ltr'><strong>tibus</strong></span> <span class='ocrx_word' id='word_1_126' title='bbox 251 2862 336 2964; x_wconf 85' lang='lat'><strong>(2);</strong></span> <span class='ocrx_word' id='word_1_127' title='bbox 369 2889 435 2937; x_wconf 89' lang='lat' dir='ltr'><strong>nec</strong></span> <span class='ocrx_word' id='word_1_128' title='bbox 466 2889 536 2936; x_wconf 91' lang='lat' dir='ltr'><strong>non</strong></span> <span class='ocrx_word' id='word_1_129' title='bbox 568 2862 612 2938; x_wconf 90' lang='lat' dir='ltr'><strong>de</strong></span> <span class='ocrx_word' id='word_1_130' title='bbox 638 2862 909 2939; x_wconf 86' lang='lat' dir='ltr'><strong>exheredatione</strong></span> <span class='ocrx_word' id='word_1_131' title='bbox 934 2864 1133 2939; x_wconf 87' lang='lat' dir='ltr'><strong>liberorum</strong></span> 
     </span>
     <span class='ocr_line' id='line_1_22' title="bbox 71 2984 1133 3088; baseline -0.001 -27"><span class='ocrx_word' id='word_1_132' title='bbox 71 3019 73 3027; x_wconf 39' lang='lat' dir='ltr'><em>s</em></span> <span class='ocrx_word' id='word_1_133' title='bbox 119 2999 268 3087; x_wconf 83' lang='lat' dir='ltr'><strong>propter</strong></span> <span class='ocrx_word' id='word_1_134' title='bbox 303 2984 597 3086; x_wconf 76' lang='lat' dir='ltr'><strong>ingratitudinem</strong></span> <span class='ocrx_word' id='word_1_135' title='bbox 634 2985 719 3088; x_wconf 84' lang='lat'>(3)3</span> <span class='ocrx_word' id='word_1_136' title='bbox 754 3013 845 3088; x_wconf 86' lang='lat' dir='ltr'><strong>quae</strong></span> <span class='ocrx_word' id='word_1_137' title='bbox 870 3001 990 3062; x_wconf 82' lang='lat' dir='ltr'><strong>autem</strong></span> <span class='ocrx_word' id='word_1_138' title='bbox 1014 2985 1133 3060; x_wconf 87' lang='lat' dir='ltr'><strong>omnia</strong></span> 
     </span>
     <span class='ocr_line' id='line_1_23' title="bbox 117 3107 1132 3208; baseline 0 -27"><span class='ocrx_word' id='word_1_139' title='bbox 117 3111 158 3182; x_wconf 85' lang='lat' dir='ltr'><strong>in</strong></span> <span class='ocrx_word' id='word_1_140' title='bbox 193 3107 312 3208; x_wconf 86' lang='lat' dir='ltr'><strong>specie</strong></span> <span class='ocrx_word' id='word_1_141' title='bbox 347 3108 485 3183; x_wconf 86' lang='lat' dir='ltr'><strong>referre</strong></span> <span class='ocrx_word' id='word_1_142' title='bbox 519 3108 654 3184; x_wconf 83' lang='lat' dir='ltr'><strong>nullam</strong></span> <span class='ocrx_word' id='word_1_143' title='bbox 688 3111 887 3184; x_wconf 85' lang='lat' dir='ltr'><strong>contineret</strong></span> <span class='ocrx_word' id='word_1_144' title='bbox 920 3109 1132 3201; x_wconf 85' lang='lat' dir='ltr'><strong>utilitatem,</strong></span> 
     </span>
     <span class='ocr_line' id='line_1_24' title="bbox 119 3229 1134 3332; baseline -0.002 -28"><span class='ocrx_word' id='word_1_145' title='bbox 119 3232 255 3332; x_wconf 88' lang='lat' dir='ltr'><strong>quippe</strong></span> <span class='ocrx_word' id='word_1_146' title='bbox 298 3256 389 3330; x_wconf 87' lang='lat' dir='ltr'><strong>quae</strong></span> <span class='ocrx_word' id='word_1_147' title='bbox 434 3257 454 3303; x_wconf 87' lang='lat' dir='ltr'><strong>a</strong></span> <span class='ocrx_word' id='word_1_148' title='bbox 492 3256 598 3331; x_wconf 90' lang='lat' dir='ltr'><strong>scopo</strong></span> <span class='ocrx_word' id='word_1_149' title='bbox 633 3242 754 3303; x_wconf 85' lang='lat' dir='ltr'><strong>nostro</strong></span> <span class='ocrx_word' id='word_1_150' title='bbox 791 3231 928 3326; x_wconf 81' lang='lat' dir='ltr'><strong>eliena3</strong></span> <span class='ocrx_word' id='word_1_151' title='bbox 978 3229 1009 3302; x_wconf 90' lang='lat' dir='ltr'><strong>si</strong></span> <span class='ocrx_word' id='word_1_152' title='bbox 1044 3255 1134 3308; x_wconf 85' lang='lat' dir='ltr'><strong>vero</strong></span> 
     </span>
     <span class='ocr_line' id='line_1_25' title="bbox 120 3350 1135 3455; baseline -0.001 -28"><span class='ocrx_word' id='word_1_153' title='bbox 120 3352 298 3451; x_wconf 83' lang='lat' dir='ltr'><strong>quaedam</strong></span> <span class='ocrx_word' id='word_1_154' title='bbox 329 3350 560 3428; x_wconf 85' lang='lat' dir='ltr'><strong>memoranda</strong></span> <span class='ocrx_word' id='word_1_155' title='bbox 590 3353 759 3446; x_wconf 80' lang='lat' dir='ltr'><strong>veniunt,</strong></span> <span class='ocrx_word' id='word_1_156' title='bbox 792 3351 881 3428; x_wconf 87' lang='lat' dir='ltr'><strong>haec</strong></span> <span class='ocrx_word' id='word_1_157' title='bbox 904 3353 1038 3455; x_wconf 89' lang='lat' dir='ltr'><strong>passim</strong></span> <span class='ocrx_word' id='word_1_158' title='bbox 1061 3351 1135 3426; x_wconf 88' lang='lat' dir='ltr'><strong>suis</strong></span> 
     </span>
     <span class='ocr_line' id='line_1_26' title="bbox 123 3473 1134 3574; baseline 0.006 -29"><span class='ocrx_word' id='word_1_159' title='bbox 123 3473 209 3547; x_wconf 91' lang='lat' dir='ltr'><strong>locis</strong></span> <span class='ocrx_word' id='word_1_160' title='bbox 234 3475 346 3557; x_wconf 88' lang='lat' dir='ltr'><strong>relata</strong></span> <span class='ocrx_word' id='word_1_161' title='bbox 370 3489 568 3556; x_wconf 86' lang='lat' dir='ltr'><strong>occurrent.</strong></span> <span class='ocrx_word' id='word_1_162' title='bbox 629 3475 787 3555; x_wconf 87' lang='lat' dir='ltr'><strong>Sufficiat</strong></span> <span class='ocrx_word' id='word_1_163' title='bbox 810 3503 979 3574; x_wconf 88' lang='lat' dir='ltr'><strong>monere,</strong></span> <span class='ocrx_word' id='word_1_164' title='bbox 1014 3477 1134 3553; x_wconf 85' lang='lat' dir='ltr'><strong>Justi-</strong></span> 
     </span>
    </p>
   </div>
   <div class='ocr_carea' id='block_1_3' title="bbox 128 3842 415 4094">
    <p class='ocr_par' dir='ltr' id='par_1_4' title="bbox 128 3842 415 4094">
     <span class='ocr_line' id='line_1_27' title="bbox 128 3842 415 3911; baseline 0.007 -17"><span class='ocrx_word' id='word_1_165' title='bbox 128 3843 169 3911; x_wconf 86' lang='lat'><strong>(1)</strong></span> <span class='ocrx_word' id='word_1_166' title='bbox 196 3842 258 3893; x_wconf 76' lang='lat' dir='ltr'><strong>van.</strong></span> <span class='ocrx_word' id='word_1_167' title='bbox 276 3843 296 3895; x_wconf 90' lang='lat'><strong>1.</strong></span> <span class='ocrx_word' id='word_1_168' title='bbox 315 3847 332 3897; x_wconf 83' lang='lat' dir='ltr'><strong>e</strong></span> <span class='ocrx_word' id='word_1_169' title='bbox 349 3846 415 3898; x_wconf 71' lang='lat' dir='ltr'><strong>sair.</strong></span> 
     </span>
     <span class='ocr_line' id='line_1_28' title="bbox 128 3934 402 4002; baseline 0.004 -18"><span class='ocrx_word' id='word_1_170' title='bbox 128 3935 168 4002; x_wconf 76' lang='lat' dir='ltr'><strong>(a)</strong></span> <span class='ocrx_word' id='word_1_171' title='bbox 194 3934 214 3984; x_wconf 90' lang='lat'><strong>1.</strong></span> <span class='ocrx_word' id='word_1_172' title='bbox 234 3937 250 3987; x_wconf 85' lang='lat' dir='ltr'><strong>o</strong></span> <span class='ocrx_word' id='word_1_173' title='bbox 268 3935 285 4000; x_wconf 66' lang='lat' dir='ltr'><strong>a</strong></span> <span class='ocrx_word' id='word_1_174' title='bbox 302 3936 319 3985; x_wconf 80' lang='lat' dir='ltr'><strong>r</strong></span> <span class='ocrx_word' id='word_1_175' title='bbox 336 3937 402 3989; x_wconf 73' lang='lat' dir='ltr'><strong>usu</strong></span> 
     </span>
     <span class='ocr_line' id='line_1_29' title="bbox 129 4024 352 4094; baseline 0.013 -18"><span class='ocrx_word' id='word_1_176' title='bbox 129 4024 170 4094; x_wconf 66' lang='lat' dir='ltr'><strong>(a)</strong></span> <span class='ocrx_word' id='word_1_177' title='bbox 196 4025 216 4077; x_wconf 90' lang='lat'><strong>1.</strong></span> <span class='ocrx_word' id='word_1_178' title='bbox 235 4027 268 4080; x_wconf 90' lang='lat' dir='ltr'><strong>1o</strong></span> <span class='ocrx_word' id='word_1_179' title='bbox 285 4025 352 4079; x_wconf 82' lang='lat' dir='ltr'><strong>ibid.</strong></span> 
     </span>
    </p>
   </div>
   <div class='ocr_carea' id='block_1_4' title="bbox 0 0 1268 4852">
    <p class='ocr_par' dir='ltr' id='par_1_5' title="bbox 0 0 1268 4852">
     <span class='ocr_line' id='line_1_30' title="bbox 0 0 1268 4852; baseline 0 0"><span class='ocrx_word' id='word_1_180' title='bbox 0 0 1268 4852; x_wconf 95' lang='lat' dir='ltr'><strong> </strong></span> 
     </span>
    </p>
   </div>
  </div>
 </body>
</html>
