2506 4852
124 566 297 620 sufflo
315 565 372 617 11.
421 551 476 622 De
501 548 681 649 personis,
706 572 797 646 quae
809 543 978 618 secundas
989 566 1081 643 nup-

422 660 493 742 ¹tias
518 660 907 769 contrahera†possunt.

120 1005 176 1087 De
201 1001 385 1094 effectibus
408 1001 433 1074 J
435 998 580 1075 uridieis
602 997 835 1075 secundarum
859 998 1082 1098 nuptiarum,

74 1121 168 1222 quod
192 1122 236 1196 ad
261 1125 285 1195 J
289 1149 328 1194 us
351 1147 585 1223 personarum
610 1119 904 1217 contrahentium.

121 1263 296 1316 surculo
329 1264 364 1314 1·
413 1248 468 1331 De
494 1244 678 1332 effectibus
703 1240 936 1317 secundarum
959 1240 1084 1342 nupti-

417 1349 517 1442 arum
542 1370 580 1442 in
604 1367 760 1470 patriam
783 1379 995 1467 potestatem

425 1520 428 1524 ⁸
503 1493 592 1588 §l
644 1486 772 1582 Quoad
794 1481 965 1588 personas
988 1486 1084 1560 lihe-

461 1664 463 1670 ι
610 1646 612 1650 >
647 1636 781 1685 rorum.
1028 1636 1033 1647 ¹
1083 1654 1086 1661 .

503 1735 525 1830 ὅ
558 1736 594 1807 2.
646 1730 774 1825 Quoad
797 1756 922 1805 eorum
946 1731 1049 1806 bona.

122 1870 294 1923 suono
311 1870 369 1921 11.
419 1850 524 1945 Quid
546 1852 648 1925 Juris
682 1854 728 1926 sit
759 1854 789 1925 si
813 1867 927 1926 mater
952 1854 1083 1925 iterum

413 1988 568 2076 nuptura
592 1990 695 2076 gerat
715 1976 864 2050 tutelam
886 1976 1084 2051 liberorum
1116 1991 1119 1997 ’

415 2122 584 2174 suorum..

420 2267 610 2390 carm
652 2270 728 2355 ιν.

99 2397 175 2502 'De
200 2427 384 2502 effectibus
405 2427 430 2500 J
431 2405 578 2499 uridicis
604 2424 838 2500 secundarum
858 2428 1082 2526 nuptiarum,

74 2548 168 2652 quod
191 2547 237 2623 ad
261 2550 285 2623 J
286 2577 327 2622 us
353 2563 552 2623 contractus
585 2547 753 2647 nuptialis
777 2546 930 2622 faciendi
955 2564 991 2624 et
1015 2548 1084 2622 do-

72 2671 178 2747 nandi
202 2673 297 2746 inter
321 2672 424 2749 vivos
448 2672 507 2749 vel
532 2684 754 2747 testamento.

108 2816 282 2867 suono
341 2815 375 2865 1.
413 2799 597 2890 Quaenam
630 2821 803 2894 personae
837 2795 1082 2895 intelligantur

313 2955 316 2959 ·
416 2922 495 2994 Art.
526 2920 619 2993 1098
645 2944 675 2994 c.
704 2944 734 2994 c.

110 3059 284 3112 §leculo
321 3058 378 3109 11.
416 3044 599 3134 Quaenam
631 3040 725 3112 inter
762 3043 930 3140 conjuges
954 3054 1083 3115 veten-

416 3177 476 3235 tur
502 3160 746 3258 dispositiones
772 3161 832 3235 vel
851 3161 1082 3232 liberalitates

417 3284 455 3355 in
480 3278 641 3354 secundis
664 3281 810 3379 nuptiis,

110 3424 283 3478 surculo
300 3422 380 3474 m.
405 3400 516 3498 'Quid
550 3400 727 3509 agendum
759 3401 805 3475 sit
829 3401 859 3476 si
873 3401 977 3477 'ultra
1001 3429 1082 3476 mo-

420 3523 504 3598 dum
557 3502 636 3601 Ait.
682 3525 777 3599 1098
820 3525 1083 3625 praescriptum

419 3645 539 3722 datum
564 3649 611 3720 sit
635 3644 787 3720 secundo
807 3648 961 3747 conjugi.
988 3647 1082 3739 Qui-

419 3799 523 3863 nam,
568 3784 604 3845 et
647 3772 684 3844 in
723 3798 875 3872 quanam
911 3770 1080 3871 qualitate

338 3956 346 3968 ,
418 3894 553 3993 possint
576 3906 700 3992 petere
725 3891 987 3982 reductionem,
1019 3918 1081 3963 ea-

371 4034 373 4038 ’
419 4043 487 4114 que
523 4017 614 4090 lacta
649 4013 807 4116 gauderi.
854 4069 857 4073 -
