2506 4852
609 352 637 427 2

124 559 225 647 pater
249 545 309 620 vel
333 558 446 620 mater
472 557 650 645 superstes
675 544 744 618 sibi
768 545 838 645 ipsi
861 569 932 617 non
951 541 1128 619 confidens

123 663 366 740 educationem
398 666 596 740 liberorum
633 679 670 740 et
705 665 779 740 solo
811 693 896 766 erga
919 666 983 739 hos
1008 692 1129 740 amore

124 785 249 861 ductus
284 787 352 860 sibi
387 786 579 862 secundum
611 788 751 889 copulet
786 791 993 890 conjugem,
1031 791 1130 889 cujus

123 936 207 983 cura
219 963 231 1003 ,
265 911 428 1010 quamvis
464 936 533 984 non
569 911 606 983 in
643 911 805 983 omnihus
835 913 996 1011 partibus
1031 937 1131 984 com-

120 1045 246 1131 penset
270 1059 429 1107 amorem
448 1031 694 1132 praedefuncti
711 1034 887 1132 parentis,
912 1047 1131 1106 tamencum

120 1153 159 1224 in
195 1153 316 1226 multis
360 1154 615 1254 aequiparabit.
687 1153 835 1253 Saepius
872 1168 990 1228 antem
1026 1155 1129 1228 aliter

123 1275 266 1367 evenit,
302 1301 413 1376 quum
442 1303 571 1377 parens
603 1290 780 1376 superstes
804 1273 1060 1350 inconsiderate
1085 1274 1129 1349 nd

122 1397 191 1470 alia
225 1410 309 1472 vota
328 1398 476 1496 migret
512 1395 695 1497 seriusque
732 1396 929 1496 intelligat,
963 1423 1000 1470 se
1036 1395 1130 1470 male

118 1518 244 1592 liberis
269 1519 340 1591 suis
364 1519 604 1619 prospexisse:
641 1519 727 1618 quin
752 1519 825 1590 imo
850 1545 954 1618 saepe
980 1517 1128 1611 accidit,

120 1654 161 1714 ut
186 1642 261 1740 ejus
286 1666 397 1731 amor·
411 1664 557 1740 prorsus
587 1640 812 1740 extinguatur
836 1639 972 1713 insidiis
996 1631 1129 1715 nover-

122 1787 183 1834 cae
217 1773 277 1833 aut
310 1761 454 1853 vitrici,
487 1760 718 1861 infelicesque
751 1760 859 1833 liberi
884 1761 1067 1835 defensore
1094 1774 1131 1836 et

120 1883 209 1958 duce
235 1881 412 1976 destituti,
445 1887 625 1974 crescant,
657 1895 761 1981 atque
786 1883 1007 1956 miserabiles
1033 1884 1150 1960 civesx

121 2004 282 2084 evadant.
346 2003 451 2100 Quod
485 2019 522 2079 et
556 2005 709 2080 Romani
740 2007 818 2105 jam
851 2006 989 2105 experti
1014 2022 1128 2084 erant.

121 2129 435 2203 Corsrarrrros
476 2126 572 2200 enim
608 2127 802 2227 imperator
835 2129 1017 2227 rescripsit
1042 2127 1128 2230 (l):

120 2250 231 2322 »Lex
265 2273 335 2320 non
368 2246 482 2321 solum
517 2261 637 2322 contra
661 2261 797 2322 tutores
822 2248 883 2322 sed
909 2251 1016 2323 etiam
1042 2276 1130 2323 con-

119 2385 209 2445 »tra
243 2369 414 2445 faeminas
448 2369 699 2471 immoderatas
724 2384 828 2472 atque
853 2372 1130 2472 intemperantes

119 2474 334 2594 »prospexit
379 2492 597 2589 minorihus:
645 2519 735 2593 quae
780 2492 990 2595 plerumque
1026 2496 1129 2573 novis

115 2616 292 2697 »maritis
326 2640 397 2688 non
431 2615 545 2688 solum
580 2641 638 2689 res
669 2615 827 2688 filiorum
852 2613 914 2691 sed
938 2617 1046 2717 etiam
1069 2619 1129 2695 ri-

120 2750 229 2811 »tam
252 2733 458 2813 addicunt.''
494 2739 543 2811 Et
567 2739 698 2811 Gaios
719 2735 769 2811 ait
794 2734 873 2840 (2):
899 2741 1011 2815 »Non
1033 2741 1128 2815 enim

120 2856 443 2956 »consentiendnm
464 2860 694 2959 parentibus,
719 2860 781 2960 qni
805 2861 973 2962 injuriam
998 2860 1129 2939 adver-

119 3009 212 3056 »sus
257 2981 391 3054 liberos
423 3005 508 3063 suos
543 2993 754 3054 testamento
794 2979 985 3059 inducunt:
1034 2984 1130 3085 quod

117 3104 366 3206 »plerumque
402 3103 535 3207 faciunt
575 3103 731 3203 maligne
767 3117 887 3178 contra
923 3107 1130 3207 sanguinem

121 3255 257 3323 »suurn
281 3216 473 3322 inferentes
493 3225 687 3328 judicium,
724 3230 973 3326 novercalibus
999 3229 1129 3331 delini-

121 3353 284 3429 »mentis
309 3351 640 3450 instigationibusve
666 3355 865 3453 corrupti.''
1002 3442 1005 3447 Ι

159 3473 417 3573 ,Legishwris
447 3486 567 3567 autem
610 3498 681 3547 non
713 3474 782 3547 fuit
817 3474 926 3574 inter*
945 3473 1056 3549 bonos
1093 3490 1130 3551 et

117 3596 257 3687 malos,
280 3595 427 3670 vitricos
452 3578 496 3702 et
512 3620 684 3673 novercas
702 3593 940 3697 distinguere,
965 3596 1026 3674 sed
1048 3625 1129 3676 om-

116 3806 380 3826 ι--ι--ιι-ὴισ-

126 3924 168 3993 (1)
191 3924 214 3975 1.
232 3920 267 3974 22
284 3921 315 3976 (3.
334 3922 368 3973 de
386 3921 486 3972 admin.
505 3932 584 3974 tutor,

126 4015 169 4083 (2)
191 4013 212 4063 l.
230 4014 246 4064 t
264 4010 538 4082 ι),,(1εῑιιοίτ.ιειι.λ
