2506 4852
17 4166 105 4218 fx

656 365 709 447 52

182 585 260 660 ωε,
296 595 402 669 quam
439 581 607 667 speratos.
672 567 823 640 »L'acte
858 568 1077 642 matrimom’ol
1101 567 1189 668 (ait)

183 718 376 792 »gouuerae
400 690 535 764 l’avear'r
558 699 590 763 et
609 701 685 764 rz’en
709 689 834 795 de'pead
851 701 955 796 par.''

231 813 334 888 Idem
365 815 389 885 J
391 815 464 886 uris
498 815 589 907 erit,
626 811 765 914 quando
791 815 864 888 sine
891 804 1071 888 contractu
1095 826 1191 914 nup‘-

182 937 258 1010 tiali
287 935 458 1010 secundae
484 938 628 1036 nuptiae
654 937 762 1009 initae
788 952 869 1009 sunt
894 952 930 1011 et
953 938 1062 1036 igitur
1089 963 1194 1009 com-

181 1060 301 1132 munio
336 1058 461 1157 legalis
496 1057 613 1155 adest,
651 1086 721 1158 quo
757 1086 838 1132 casu
862 1061 1007 1133 tacitam
1033 1084 1193 1133 couven-

181 1182 315 1253 tionem
340 1179 459 1253 iniisse
486 1182 652 1281 conjuges
677 1183 857 1280 finguntur
884 1180 957 1282 (l)

229 1303 333 1376 Varii
370 1318 450 1376 sunt
485 1331 604 1397 casus,
640 1304 720 1379 ubi.
740 1305 898 1405 quaestio
931 1305 1020 1377 oriri
1051 1318 1192 1404 posset,

181 1454 227 1499 an
263 1422 433 1498 secundus
471 1429 599 1526 conjux
635 1452 762 1502 revera
795 1428 894 1499 lucra
927 1427 1022 1498 ultra
1053 1427 1222 1525 portio?

180 1575 264 1621 nem
299 1547 446 1621 filialem
480 1549 539 1623 vel
571 1561 733 1647 quartam
766 1548 942 1620 bonorum
966 1549 1194 1648 perceperit,

181 1696 248 1743 nee
287 1674 362 1745 ne?
407 1697 497 1769 quae
536 1684 654 1743 autern
689 1671 846 1770 quaestio
877 1698 947 1744 non
982 1671 1087 1771 hujus
1122 1670 1197 1744 loci

183 1809 256 1889 est,
293 1794 442 1866 sufficiat
472 1795 638 1869 universe
667 1821 834 1887 monere,
869 1797 987 1868 omnia
1017 1794 1123 1867 dubia
1151 1821 1197 1868 ex

182 1915 373 2007 ArticuIiS,
417 1941 504 2015 quos
546 1918 843 2007 memoravimuS,
886 1914 1052 1989 solvenda
1091 1942 1195 2013 essc3

183 2039 245 2136 qui
268 2037 409 2109 sibene
432 2036 697 2135 intelliguntur,
723 2064 844 2109 omncs
869 2037 945 2110 fere
972 2034 1197 2111 difficultates

184 2171 410 2234 evanescunt.
462 2159 706 2239 Observemus
727 2172 885 2252 tantum,
909 2174 1088 2260 postrema
1107 2188 1198 2235 ver-

182 2281 229 2353 ba
260 2279 412 2355 Articuli
444 2279 537 2355 1527
549 2335 560 2373 ,
593 2280 675 2353 mair
688 2279 743 2363 les
765 2280 893 2387 sr'nrples
915 2280 1064 2376 beneficas
1086 2282 1198 2355 re'sul-

183 2411 253 2476 tant
275 2402 333 2476 des
353 2411 495 2475 uovaax
513 2429 677 2476 commune
698 2411 730 2476 et
751 2402 806 2476 der
829 2402 1004 2476 e'corromiea
1013 2402 1116 2502 saites
1138 2432 1198 2478 sur
1244 2467 1246 2471 a

182 2525 226 2600 les
254 2532 397 2599 truvaux
428 2524 613 2627 respectis,
648 2522 787 2623 quoique
817 2524 984 2624 iae'gaux,
1021 2526 1076 2598 der
1106 2526 1197 2599 deux

183 2650 313 2752 e'poux,
345 2672 385 2717 ne
413 2652 485 2717 auat
505 2670 571 2748 pas
598 2642 782 2716 consideres
811 2673 931 2719 comme
963 2675 1008 2720 un
1034 2657 1198 2749 arumuge

174 2768 247 2870 fuit
271 2796 316 2840 au
341 2763 511 2872 prejudr'ce
541 2765 596 2838 des
626 2765 752 2865 ensantr
776 2766 822 2840 du
845 2768 989 2872 premier
1009 2767 1066 2856 tt;
1103 2797 1196 2870 quae

183 2893 302 2993 primo
336 2888 503 2989 adspectu
522 2889 636 2989 priori
656 2892 753 2989 parti
778 2890 936 2989 ejusdem
959 2892 1112 2965 Articuli
1132 2921 1199 2967 rc-

183 3038 343 3114 pugnare
376 3009 492 3084 videri
523 3023 685 3109 possent,
724 3012 773 3083 ita
796 3011 1003 3111 explicanda
1025 3041 1122 3106 esse,
1156 3031 1197 3089 ut

185 3133 404 3210 solummodo
424 3134 652 3235 permittant,
676 3132 842 3235 aequalem
862 3134 1047 3241 divr'rioaem
1067 3135 1199 3211 horum

184 3258 460 3349 beneficiorum,
493 3258 632 3331 etiamsi
656 3257 858 3356 inaequales
889 3273 1007 3359 partes
1034 3259 1070 3331 in
1095 3286 1198 3334 com-

178 3383 391 3454 munionem
422 3381 605 3453 attulerint
635 3382 800 3478 conjuges
834 3377 906 3478 (2)

188 3695 231 3762 (1)
258 3693 398 3745 Bumnron
415 3693 435 3743 l.
453 3693 473 3743 l.
492 3711 523 3743 no
540 3695 599 3746 808.

278 3786 339 3824 ΔΜ.
355 3787 411 3826 1393.
439 3787 456 3824 Λ
477 3785 554 3824 detaut
567 3789 593 3826 rle
608 3788 755 3838 stipulatione
770 3785 879 3839 speciales
895 3790 934 3839 qui
949 3787 1060 3841 ‹le'rogeut
1074 3805 1101 3829 an
1113 3789 1196 3840 rtgime

253 3862 279 3900 de
299 3862 321 3900 le
340 3860 492 3901 communautt·
511 3876 540 3900 ou
552 3864 573 3900 le
587 3863 717 3911 modificat,
740 3865 773 3903 les
788 3863 859 3915 regies
875 3862 968 3905 e'tablier
982 3868 1035 3906 dana
1049 3867 1196 3917 repromitte

254 3936 328 3986 partie
342 3937 371 3974 du
385 3937 450 3988 chap.
468 3938 493 3975 11
509 3938 630 3976 sormeront
645 3939 666 3977 le
681 3939 743 3978 droit
756 3952 864 3978 commun.

190 4031 232 4100 (2)
259 4033 384 4086 Parrrrrr
411 4036 442 4086 ad
470 4036 734 4102 art.1099nota3;
761 4037 793 4087 ad
811 4049 859 4089 art.
878 4039 946 4091 1527
962 4057 994 4091 11⁰
1011 4041 1037 4090 2.
1074 4039 1195 4095 Garrire
