2506 4852
595 401 646 484 tr

119 601 332 704 Hujusmodi
376 603 536 676 doctrina
578 603 792 704 legislatoris
838 605 1012 681 voluntati·
1037 633 1124 682 'non

120 740 258 802 tantum
286 739 424 827 aperte-
448 741 641 828 repugnat,
678 727 740 802 sod
773 742 811 803 et
833 729 914 803 fere
935 756 1038 804 sanae
1059 713 1127 807 'ra-²

121 851 222 926 tioni.
1120 922 1123 929 .

168 964 365 1067 Quominus
389 972 477 1047 haee
493 975 621 1074 opinio
643 975 715 1050 Icti
736 920 838 1047 nobis
859 975 1016 1076 placeat,
1040 976 1128 1050 facit

119 1100 196 1199 ipsa
227 1099 285 1172 lex
310 1102 351 1199 (o
328 1096 392 1194 o),
429 1125 519 1199 quae
543 1112 642 1196 vetat
666 1098 868 1202 donationes
894 1102 997 1176 aliter
1021 1103 1125 1194 fieri,

118 1212 228 1321 quam
260 1223 354 1296 inter
388 1222 490 1299 rivos
521 1223 580 1299 vel
604 1235 837 1315 testamento,
873 1246 1033 1297 necnon
1058 1225 1128 1296 ob-'

118 1347 270 1421 servatis
303 1348 428 1421 formis
458 1347 688 1447 praescriptis
710 1348 816 1421 titulo
840 1375 872 1425 c.
898 1375 929 1423 c.
944 1348 995 1422 *de
1018 1348 1127 1421 dona-

117 1469 253 1544 tiomirus
282 1478 326 1544 'et
358 1472 585 1560 terremotum
612 1472 709 1563 inter
743 1471 806 1545 has
843 1484 962 1546 autem
995 1472 1128 1544 fortnas

120 1591 339 1668 desideratur
374 1593 539 1693 adoptio,¹
580 1616 671 1694 quae
706 1596 819 1694 igitur
854 1621 969 1694 neque
1006 1620 1129 1668 ano-

119 1717 175 1788 bis
211 1715 256 1791 ad
290 1714 434 1788 modos
448 1729 509 1788 aut
544 1716 676 1788 formas
713 1715 909 1788 donationis
942 1712 1130 1789 referenda

123 1851 174 1912 est
210 1835 337 1939 (l).
886 1849 889 1853 ’

168 1964 221 2036 2⁰.
253 1957 318 2035 An
332 1959 432 2060 justis
454 1957 593 2062 nuptiis,
615 1900 785 2032 cotradis
804 1965 884 2063 post
904 1959 1033 2063 nuptias
1050 1958 1132 2063 pn'

119 2107 193 2157 ores
207 2081 313 2155 nullus
329 2079 510 2153 declaratos
527 2079 660 2181 ideoque
673 2079 864 2171 dissolutos,
888 2107 1004 2154 nomeu
1014 2107 1139 2159 secun.

95 2204 237 2280 ‚dorum
270 2201 456 2306 nuptt'orum
487 2194 586 2274 moti
599 2199 739 2305 'posst't?
787 2202 854 2277 Uti
874 2204 952 2303 jam
976 2201 1131 2279 vidimus

119 2327 339 2402 Sectionel
337 2324 599 2424 rt2Capitis
619 2316 706 2420 ΙΙΙ·
743 2324 892 2398 interest
917 2354 961 2399 an
985 2327 1132 2427 nuptiae

117 2451 236 2522 nullae
262 2445 442 2541 redditae,
478 2447 521 2520 ab
547 2447 649 2520 initio
672 2445 758 2521 bono
771 2448 863 2547 fide,
889 2475 934 2523 an
956 2448 1046 2522 mulo
1059 2449 1133 2577 Μο

122 2585 321 2644 contractae
346 2570 489 2644 fuerint.

171 2689 271 2765 Mala
303 2692 398 2765 enim
428 2686 498 2763 fide
522 2693 631 2764 initae
656 2690 788 2764 nullos
796 2620 998 2793 producunt
1023 2692 1134 2767 eii'ec-¹

120 2832 178 2889 tus
213 2816 414 2916 legitimos,
451 2815 583 2915 quippe
618 2842 708 2916 quae
733 2818 915 2916 finguntur
940 2828 1133 2916 numquam

122 2939 308 3013 exstitisse.
370 2938 470 3029 Quae
505 2963 592 3012 vero
623 2936 709 3012 bona
730 2939 803 3037 fide
828 2952 1027 3014 contractae
1051 2941 1133 3012 iue-

123 3061 196 3133 rint
232 3060 270 3134 vi
304 3059 547 3134 Articulorum
567 3062 653 3135 ·201
692 3074 729 3135 et
765 3064 837 3137 202
874 3090 904 3136 c.
943 3090 974 3139 c.
1012 3086 1133 3153 ornnes

123 3182 269 3256 effectus
298 3185 481 3281 justarum·
510 3183 716 3281 nuptiarum
739 3171 962 3281 producunt,
998 3176 1133 3258 taurin

121 3453 387 3469 m

125 3638 167 3706 (1)
194 3637 388 3691 Conseruntur:
433 3635 555 3689 Grrrrrr
581 3638 675 3688 Troitt
696 3639 812 3688 succinet
828 3637 858 3688 de
875 3636 1024 3707 l'adoption
1040 3657 1072 3690 no
1089 3640 1133 3693 ta.

192 3729 327 3780 Zsorrnrt
352 3727 389 3802 ΙΙ
415 3728 431 3795 §
458 3729 508 3780 690
517 3751 524 3794 5
556 3727 681 3778 Prrrrrrr
707 3727 741 3778 ad
764 3726 819 3780 Art.
838 3731 905 3796 3503
931 3731 1072 3784 Drnsrror
1090 3734 1132 3784 tit.

108 3876 112 3887 ¹
193 3820 257 3872 VIII
282 3819 316 3871 de
342 3818 486 3888 adoptione
520 3833 551 3868 ιιο
575 3819 626 3869 317
641 3833 735 3886 seqq-5
761 3817 911 3871 Maturare
938 3821 971 3871 ad
996 3831 1044 3872 art.
1061 3823 1131 3887 350,

193 3911 240 3980 qui
266 3910 424 3979 posteriores
448 3908 497 3959 loti
524 3918 628 3959 nostrae
652 3909 774 3978 opinioni
798 3909 898 3960 ferent.

126 4031 163 4079 (a)
219 4028 279 4064 tar.
294 4026 339 4065 893.
368 4024 399 4061 οη
422 4036 448 4062 na
463 4037 544 4074 poure·
558 4023 659 4073 disponer
674 4024 699 4072 de
714 4037 749 4062 ses
762 4024 826 4064 bians
841 4023 852 4061 t
867 4025 922 4064 titre
936 4027 1023 4077 gratuit
1036 4041 1078 4079 qna
1094 4041 1133 4079 par
1153 4007 1157 4015 »

195 4099 300 4140 donatiou
314 4099 439 4139 outre-vit·
454 4112 481 4138 ou
496 4111 534 4148 per
548 4103 678 4144 sentement,
695 4099 749 4138 daur
761 4099 794 4138 les
808 4098 888 4139 formet
902 4099 1003 4150 er-apru
1017 4098 1119 4143 e'trblier.
