2506 4852
602 373 647 455 51

120 597 202 648 »ses
235 570 326 673 effeta
358 572 379 646 a
413 571 547 646 donner
580 576 600 646 ὲ
634 575 711 647 l’un
745 573 808 649 des
841 578 956 677 e'poux
981 602 1025 651 au
1050 577 1129 652 dela

120 691 199 768 »de
231 694 267 767 la
298 697 442 794 portion
468 694 588 795 regle'e
612 722 679 795 par
702 694 799 772 l'ert.
829 699 963 776 1098.”
1027 699 1129 774 Illius

120 830 263 910 autem,
298 802 406 917 quam
438 843 543 920 supra
567 820 836 920 proposuimus,
874 822 1129 895 communionis

120 937 267 1012 effectus
304 951 379 1030 est,
414 952 454 1012 ut
488 915 657 1035 mobilia,
694 969 785 1044 (prae
818 944 986 1044 conjuges
1010 944 1132 1017 futuro

119 1072 285 1161 ternpore
309 1062 550 1161 acquirerent,
576 1066 776 1138 communia
789 1067 928 1144 fierent.
978 1070 1133 1142 Praete-

119 1209 183 1256 rea
200 1183 380 1257 Articulus
396 1187 489 1261 1496
507 1213 667 1289 quoque,
691 1188 788 1262 nulla
800 1188 1024 1264 distinctione
1036 1191 1132 1264 inter

117 1307 212 1381 bona
236 1307 436 1406 praesentia
461 1323 498 1383 et
520 1312 640 1386 futura
664 1310 816 1385 admissa
828 1367 839 1405 ,
865 1314 1008 1413 statuit:
1060 1314 1131 1387 »Si

105 1412 317 1503 *ntoutefois
339 1430 376 1504 la
400 1432 583 1507 confusion
607 1433 655 1506 du
679 1434 848 1509 mobilior
874 1449 910 1509 et
935 1434 997 1509 des
1018 1432 1134 1508 dettes

118 1553 312 1653 euperem,
337 1579 382 1627 au
404 1555 514 1653 profit
537 1553 581 1628 dc
606 1554 684 1628 l'un
709 1554 771 1630 des
790 1559 927 1657 epoux,
950 1582 1000 1629 un
1021 1582 1134 1631 avan-

118 1703 141 1749 »
152 1688 235 1774 tage
260 1677 446 1775 superieur
466 1680 487 1748 a
504 1676 596 1751 celui
613 1677 675 1777 qui
692 1693 747 1753 est
766 1681 919 1754 autorise
937 1705 1004 1780 par
1021 1679 1132 1755 l’Art.

118 1798 272 1889 »1098,
306 1796 350 1870 les
386 1795 499 1895 enfans
528 1797 574 1870 dae
592 1798 737 1902 premier
759 1800 796 1873 tit
817 1802 858 1875 de
882 1801 1000 1874 l’autre
1025 1801 1134 1906 έροιιω

118 1931 272 2001 »aurant
305 1922 437 1998 l’ocb'oe
472 1951 512 2001 en
546 1925 838 2000 retractatam>
862 1926 1036 2022 -Ergo
1071 1948 1135 1996 re-
1240 1938 1243 1944 '

120 2043 240 2118 ductio
274 2043 415 2118 admitti
452 2044 558 2119 debet
570 2100 582 2140 ,
619 2046 821 2145 ubicunque
847 2045 886 2118 in
909 2046 1135 2121 communio-

122 2192 204 2240 nem
236 2167 355 2243 minus
389 2167 550 2242 attulerit
585 2166 758 2241 secundus
791 2169 919 2266 conjux
943 2193 1051 2268 quam
1074 2168 1135 2240 bi-

122 2287 235 2362 nubus
270 2301 307 2362 et
330 2288 394 2360 ille
418 2289 553 2388 igitur,
590 2288 730 2389 aequali
755 2288 1013 2363 communionis
1038 2286 1136 2366 divi-

122 2411 240 2504 sione,
286 2411 398 2483 nimio
440 2410 542 2485 lucro
584 2411 768 2493 frueretur
806 2409 845 2481 in
881 2408 1137 2484 detrimentum

120 2532 270 2628 binubi;
305 2559 421 2634 neque
459 2531 689 2632 distinguitur
722 2545 845 2605 utrum
878 2554 923 2606 ex
952 2531 1136 2608 voluntate

119 2651 379 2753 praemeditata
403 2654 529 2726 binubi
552 2652 744 2747 acciderit,
770 2654 959 2753 conjugem
983 2681 1027 2729 ex
1047 2681 1136 2729 con-

120 2760 347 2851 ventionibus
391 2774 609 2876 nuptialibus
653 2774 721 2848 hoc
766 2774 907 2848 lucrum
949 2787 1137 2874 capturum

120 2924 222 2990 esse,
255 2924 322 2971 nec
344 2923 402 2971 ne.
462 2895 643 2971 Articulus
671 2893 763 2970 1527
787 2894 840 2967 nil
865 2893 978 2995 exigit
1002 2893 1049 2968 ad
1072 2921 1136 2968 rc-

120 3019 329 3094 scissionem
362 3016 571 3119 petendam,
608 3031 752 3119 practer
790 3018 1029 3092 emolumenta
1051 3016 1135 3116 lege

121 3141 315 3244 prohibita.
359 3140 525 3217 -Admitti
562 3143 674 3240 igitur
710 3143 836 3242 nequit
859 3141 980 3240 opinio
1004 3143 1138 3215 Parn-

123 3287 262 3340 muru
298 3259 359 3366 (1)
395 3263 458 3363 qui
490 3260 708 3336 demonstrat
731 3261 973 3360 legislatorem
996 3263 1137 3335 tantum

122 3387 275 3460 noluisse
299 3383 388 3491 epsos
409 3392 592 3459 connectio
616 3382 792 3490 nuptiales,
817 3384 879 3484 qui
903 3382 1039 3458 directe
1061 3382 1137 3456 mi-

123 3505 297 3582 nabantur
318 3510 400 3607 jura
424 3506 698 3607 privignorum3
728 3532 799 3579 non
822 3530 912 3582 vero
937 3517 1136 3580 contractus

118 3628 210 3702 'bona
233 3629 305 3727 fide
335 3631 467 3723 factos,
504 3631 566 3728 qui
591 3644 711 3705 tamen
735 3628 822 3705 alios
846 3629 1001 3705 habeant
1026 3628 1136 3703 effec-

129 4042 490 4110 mmmmme
