2506 4852
628 321 749 425 la,

148 533 249 594 arant
271 519 346 618 (1).
396 521 477 594 Non
493 544 581 596 veno
598 519 762 593 omnibus
780 520 915 593 casibus
928 522 1172 621 applicandae,

145 642 221 716 bde·
239 643 348 740 leges,
405 641 496 716 Cum
521 640 617 716 enim
639 642 784 716 illarum
809 640 1054 743 dispositiones
1075 646 1156 744 pri-

147 765 340 864 vignorum
363 768 466 835 causa
491 759 637 856 adsunt,
671 764 837 838 effectum
860 790 932 837 non
956 764 1175 840 sordebam.

147 887 288 978 tnr,..si
320 885 427 959 liberi
462 897 623 985 tempore
659 900 919 961 contractarum
949 888 1157 987 nuptiarum

143 1014 220 1110 jam
244 1007 485 1083 decessissent.
537 1007 609 1082 Sed
634 1022 670 1082 et
690 1007 816 1083 hocin
835 1036 917 1083 casu
936 1009 1083 1083 fallebat
1097 1008 1158 1082 lex

146 1132 259 1223 dicta,
296 1132 359 1204 ubi
392 1158 520 1232 nempe
549 1133 619 1232 ipsi
648 1133 756 1206 liberi
787 1133 853 1208 vel.
874 1160 998 1208 eorum
1020 1148 1157 1207 tutores

146 1269 395 1330 consenserent
426 1236 591 1329 secundis.
618 1255 689 1329 illis
712 1258 868 1356 nuptiis3
901 1258 1051 1332 fortasse
1072 1257 1158 1355 quia

71 1430 72 1435 κ
143 1379 212 1454 hae
252 1374 396 1480 nuptiae
433 1404 526 1452 nunc
567 1405 639 1453 non
678 1381 717 1454 in
756 1382 954 1454 liberorum
986 1381 1158 1477 injuriam

145 1496 345 1575 contractae
381 1497 594 1576 uidebantur
632 1503 716 1603 (2)!
780 1504 913 1576 Notum
950 1514 1029 1593 est,
1060 1503 1156 1574 anti-

146 1627 265 1726 quitus
296 1627 340 1696 in
357 1623 555 1698 Hollandia
587 1637 769 1723 receptam
799 1624 908 1696 fuisse
924 1625 1157 1723 communion

144 1772 228 1819 nem
270 1747 445 1820 bonorum
490 1745 583 1820 inter
622 1747 788 1845 conjuges
825 1771 973 1845 eamque
998 1743 1155 1846 ⁴,semper

143 1868 264 1942 locum.
293 1869 480 1961 habuisse,
500 1868 546 1972 ‘si
578 1868 723 1967 nuptiae
755 1867 1053 1942 contrahebantur
1077 1869 1152 1942 sine

142 1992 225 2064 ullis
249 1994 405 2093 praeviis
429 1990 651 2092 pactionibus
677 1987 738 2091 (3)
749 2020 768 2087 3·
793 1993 843 2065 ita
867 1994 1155 2093 conjuxpauper

143 2114 394 2214 acquirebatur
428 2110 613 2187 dimidiam
646 2125 788 2213 partem
819 2114 996 2188 bononun
1027 2117 1154 2214 conju-

144 2232 201 2336 gis
230 2234 379 2311 ditioris.
426 2260 431 2273 ¹
779 2260 812 2269 ··
876 2293 880 2299 .

150 2398 153 2404 ‚
193 2336 287 2463 ¹Hinc
328 2358 442 2431 oritur
481 2355 662 2459 quaestio:
706 2348 784 2432 nom
828 2357 940 2432 eodan
974 2357 1155 2432 amunio

142 2478 299 2554 bonorum
333 2476 471 2554 obtineat
502 2479 536 2570 in
569 2478 714 2573 bimcbis,
752 2477 902 2580 nulloque
933 2476 1031 2552 modo
1065 2477 1153 2552 limi-

142 2607 227 2675 aar
256 2600 513 2707 dispositiombus
545 2601 571 2678 l.
607 2605 631 2678 6
666 2604 707 2678 C.
744 2601 781 2676 h,
817 2614 844 2675 t.
903 2603 976 2677 Pro
1002 2600 1155 2676 diversis

145 2723 305 2815 casibus,
349 2724 502 2800 diuersa
526 2723 808 2827 respondendum
845 2738 910 2799 est.
970 2724 1153 2801 Secundae

145 2849 262 2940 enim,
305 2860 345 2920 ut
375 2847 568 2936 anteriores
601 2849 768 2947 nuptiae,
806 2847 1058 2922 contrahuntur
1093 2848 1153 2926 vel

145 2970 220 3042 sine
243 2968 356 3069 pactis
379 2969 572 3062 dotalibus,
610 2970 670 3043 vel
693 2969 791 3042 hisce
815 2970 945 3064 initis.¹
976 2971 1045 3045 Illo
1069 2997 1153 3044 casu

146 3093 290 3166 omnino
307 3085 421 3169 ¹v'a'let
439 3090 650 3168 communio
683 3091 831 3190 legalis3
868 3095 929 3167 ita.
951 3092 1000 3167 nt'
1030 3109 1154 3166 mrsus

146 3205 259 3289 soluto
278 3205 359 3291 ¹boc
383 3214 608 3288 matrimonio
631 3215 769 3312 conjnx·
782 3228 960 3315 superstes
980 3215 1152 3290 secundus

145 3352 288 3439 praeter
332 3336 520 3412 dimidium
557 3330 829 3430 communionis,
871 3342 953 3438 jure
990 3340 1152 3437 acquirat

21 3545 24 3553 .
147 3487 189 3534 ex
211 3462 331 3536 bonis
370 3460 529 3559 propriis
571 3456 727 3535 defuncti
765 3462 968 3561 portionem-
1003 3460 1153 3553 filialem

142 3687 412 3703 υ-

149 3825 192 3893 (t)
217 3825 252 3874 V.
271 3820 520 3873 Gaoumanad
537 3823 557 3875 l.
574 3825 592 3876 3
610 3825 642 3877 G.
658 3822 713 3876 cit.-

149 3916 190 3983 (2)
216 3915 250 3967 V.
269 3913 467 3988 (temnamus
484 3915 503 3966 Ι.
523 3916 543 3966 l.
561 3918 608 3968 ubi
628 3927 655 3969 et
671 3901 761 3986 plures
779 3934 854 3972 casus
872 3932 1061 3981 memorantur.

152 4005 193 4073 (3)
220 4003 252 4056 ll.
273 4000 611 4077 Ga01.1nleidingll.1t
632 4010 649 4076 b
666 4009 694 4061 8.
768 4008 770 4013 ⁴
