2506 4852
608 361 661 438 lu

121 570 177 629 tus
213 559 274 631 vel
311 571 407 631 actus
443 584 485 632 ex
518 559 646 657 quibus
681 561 793 656 majus
827 558 988 645 lucrum,
1025 579 1131 651 quam

120 679 283 770 licitum,
319 679 523 779 proflueret.

171 800 380 901 Requiritur
405 816 544 892 tamen,
569 815 609 873 ut
633 800 688 874 his
707 801 817 873 lucris
841 799 1025 875 obversari
1046 824 1131 896 pos-

121 923 186 1014 sit,
232 937 273 994 ut
315 949 396 995 cum
432 922 532 995 lucro
570 921 713 995 secundi
752 922 909 1022 conjugis
947 933 1133 994 concurrat

120 1043 290 1117 damnum
322 1045 459 1121 hinuhi.
522 1044 560 1119 Si
597 1046 692 1117 enim
728 1072 769 1118 ex
803 1044 948 1117 alterius
974 1042 1133 1142 conjugis

118 1168 245 1259 lucro,
281 1168 418 1240 nullum
451 1168 618 1242 damnum
642 1194 763 1268 passus
790 1169 836 1239 sit
859 1168 1033 1257 binubos,
1069 1194 1134 1238 ca-
1171 1238 1174 1243 .

118 1289 272 1391 demque
308 1292 401 1364 hona
437 1291 634 1391 possideat,
677 1319 765 1391 quae
804 1306 905 1365 antea
941 1291 1131 1385 hahuerit3
1179 1342 1182 1349 -

117 1412 218 1510 sique
253 1439 295 1484 ex
326 1411 452 1483 hinuhi
479 1413 606 1486 damno
632 1416 759 1513 conjux
784 1412 874 1486 alter
898 1412 950 1484 nil
973 1413 1152 1484 lucratus

119 1534 185 1624 sit,
232 1533 358 1631 procul
395 1533 595 1632 quaerenda
614 1534 617 1539 ’
633 1535 727 1607 foret
765 1561 868 1607 causa
905 1561 967 1606 cur
1004 1532 1132 1604 actioni

117 1653 337 1728 rescissionis
366 1653 488 1750 [aetion
513 1682 551 1727 en
574 1660 816 1728 retronetenunt
836 1653 916 1754 (l)]
946 1655 1042 1727 locus
1066 1651 1132 1726 da-

117 1791 232 1852 retur.
283 1774 647 1848 Animadvertendum
666 1803 753 1850 vero
773 1791 845 1869 est,
870 1803 958 1851 voce
979 1777 1133 1849 domnm

116 1900 177 1973 hic
211 1923 282 1968 non
314 1909 451 1969 tantum
487 1897 660 1970 contineri
699 1899 813 1970 omnis
846 1926 933 1972 vera
956 1899 1133 1998 patrimo-

118 2021 171 2093 nii
203 2019 412 2110 diminutio,
450 2016 511 2090 sed
546 2020 652 2091 etiam
684 2018 860 2120 quidquid
884 2021 1037 2093 hinubus
1062 2046 1135 2094 nou
1199 2045 1201 2050 ’

124 2142 328 2240 acquisivit,
376 2139 516 2242 quando
561 2141 745 2239 acquirere
789 2157 928 2241 posset,
976 2168 1058 2214 eum
1094 2142 1135 2215 iu

123 2265 230 2335 finem
259 2277 298 2335 ut
329 2260 412 2334 inde
438 2263 596 2335 lucretur
623 2260 793 2336 secundus
820 2253 967 2362 conjux,
1002 2290 1038 2340 v.
1065 2290 1131 2363 gr:

121 2387 152 2458 si
198 2385 343 2486 alicujus
380 2385 485 2458 heres
521 2386 633 2458 factus
671 2386 716 2455 sit
755 2386 900 2483 conjux,
946 2385 1131 2486 noluitque

117 2506 271 2579 hinuhus
297 2506 473 2605 legatum,
501 2507 545 2580 ah
570 2507 632 2578 illo
652 2504 922 2606 praestandum,
950 2508 1132 2605 accipere,

99 2641 181 2701 ¹aut
215 2629 244 2700 si
278 2631 444 2728 conjuges
477 2630 581 2701 ambo
619 2627 810 2703 coheredes
848 2641 986 2702 exstent
1010 2642 1047 2701 et
1070 2629 1132 2700 hi-

117 2749 234 2822 nubus
267 2749 524 2842 hereditatem,
557 2753 718 2850 quamvis
743 2752 974 2843 lucrativam,
1012 2752 1050 2822 iu
1074 2752 1131 2825 fa-

117 2900 245 2949 vorem
277 2873 482 2965 coheredis,
520 2871 618 2946 adire
651 2872 760 2969 nolit,
810 2887 1017 2973 caeteraque
1055 2872 1131 2972 (2).

118 2993 327 3070 Istiusmodi
362 3011 458 3070 actus
494 2996 654 3070 Articulo
693 2999 786 3073 1099
822 3010 992 3070 vocantur
1019 2994 1132 3070 dona-

118 3118 234 3190 tiones
256 3115 472 3210 indirectae,
498 3121 626 3218 quibus
648 3119 756 3191 etiam
777 3116 1029 3191 annumerandi
1051 3132 1132 3189 sunt

119 3243 324 3342 frequentes
361 3268 481 3332 casus,
514 3242 578 3313 uhi
612 3266 740 3338 nempe
777 3253 958 3314 contractu
981 3240 1131 3340 nuptiali

121 3363 223 3464 plura
259 3364 359 3436 lucra
397 3363 538 3461 conjugi
576 3359 726 3436 secundo
753 3387 915 3436 concessa
940 3375 1019 3436 sunt
1044 3359 1128 3464 (3),

123 3757 165 3824 (1)
192 3755 230 3805 De
248 3773 301 3823 quo
319 3770 404 3806 sermo
423 3764 463 3805 est
481 3754 511 3804 in
528 3762 576 3803 art.
594 3755 662 3806 1496
678 3772 701 3804 c.
720 3771 744 3805 e.

122 3849 164 3916 (2)
189 3846 374 3898 Drnvrreounr
392 3857 458 3898 tom.
477 3846 500 3897 V
518 3864 579 3915 pag.
596 3847 628 3898 31
648 3864 719 3914 seqq.
755 3847 890 3899 Zreurnrti
907 3846 944 3898 lv
964 3848 980 3913 ᾗ
999 3847 1058 3898 690.

123 3939 164 4006 (a)
190 3927 331 3989 Darinoi
350 3936 382 3986 aa
399 3937 441 3986 et.
459 3935 532 3987 uua.
551 3952 582 3986 n⁰
600 3937 658 3988 aaa.
700 3937 826 3989 rurum
844 3936 877 3986 aa
895 3947 942 3988 art.
961 3936 1044 4000 roeo,
1065 3942 1125 3983 nota

189 4031 206 4079 d
229 4043 260 4078 nn
277 4030 303 4079 5.

997 4125 1016 4185 4
