2506 4852
603 330 658 416 54

120 558 209 624 non,
235 559 344 633 aeque
364 559 406 607 ac
416 528 646 623 indirectam,
671 556 834 630 expresse
849 529 1046 607 reductioni
1058 531 1127 607 ob-

120 653 240 727 noxias
264 654 405 727 fecisset
429 652 630 727 simulatam
651 665 687 726 et
707 678 773 751 per
794 653 1019 753 interpositas
1036 683 1129 754 per-

120 801 221 848 sonas
246 775 396 868 factam,
420 775 488 847 nisi
513 773 622 852 vellet
647 771 763 849 fraudi
788 799 976 849 occurrere
1000 776 1038 849 in
1063 776 1129 870 iis,

120 923 209 998 quae
244 896 386 997 publice
421 910 458 971 et
491 911 613 998 aperte
645 897 725 972 fieri
756 912 913 998 possunt.
972 900 1130 974 Contra-

119 1023 210 1095 riam
245 1048 332 1098 vero
369 1023 578 1095 sententiam
603 1018 796 1097 defendunt
820 1024 1038 1099 ZAoflAnlii
1064 1021 1128 1124 (l)

120 1159 157 1222 et
189 1149 497 1221 Dnnanronnns
526 1143 587 1246 (2)
613 1146 675 1246 qui
698 1159 854 1252 putant,
881 1144 992 1219 dictas
1016 1143 1132 1219 dona-

119 1270 232 1344 tiones
275 1281 413 1342 tantum
453 1267 567 1341 nullas
604 1295 703 1360 esse,
752 1280 922 1368 quatenus
959 1264 1131 1343 excedant

118 1393 381 1493 praescriptum
416 1390 568 1468 Articuli
608 1393 714 1467 1098.
776 1390 847 1465 Hic
870 1389 1003 1465 nullam
1028 1391 1131 1463 frau-

118 1514 200 1590 dem
236 1515 342 1588 iniis
367 1512 489 1606 videt,
525 1513 595 1585 nisi
619 1514 658 1585 in
681 1504 852 1612 quantum
876 1512 983 1585 nimis
1007 1511 1130 1586 datrrm

118 1637 249 1733 fuerit3
286 1636 448 1736 quamvis
483 1631 652 1707 concedat
685 1633 797 1709 verba
832 1635 924 1733 legis
961 1660 1035 1707 esse
1070 1632 1130 1705 di-

119 1771 227 1839 serta,
287 1759 426 1831 Horum
462 1769 583 1830 tamen
607 1756 780 1830 sententia
804 1757 842 1828 in
865 1756 1018 1831 Francia
1042 1781 1130 1828 con-

118 1893 212 1955 stans
249 1892 392 1980 accepta
429 1877 593 1970 videtur,
629 1904 711 1952 cum
730 1880 808 1976 jam
833 1878 972 1976 saepius
996 1879 1046 1951 ita
1065 1879 1132 1978 ju-

118 2002 251 2079 dicavit
276 2000 384 2077 Curia
410 1999 643 2091 Cessationis,
675 2010 716 2070 ut
740 1998 852 2071 refert
875 2000 1132 2074 Doarnron-

119 2151 192 2201 nus
229 2125 254 2202 l.
289 2124 314 2203 l.
347 2122 440 2199 Mihi
471 2137 592 2197 tamen
615 2121 704 2196 haec
728 2121 847 2221 opinio
872 2121 945 2222 legi
971 2136 1008 2196 et
1031 2124 1055 2196 J
1058 2121 1131 2195 uris

117 2249 317 2350 praeceptis
352 2272 553 2346 repugnare
584 2242 739 2323 videtur.

168 2371 340 2465 Quamvis
381 2370 561 2446 Articulus
607 2370 702 2443 1100
744 2370 909 2468 expresse
946 2383 1132 2444 enumerat

117 2519 308 2594 personas,
344 2491 570 2593 interpositas
594 2487 800 2581 habendas,
838 2490 986 2565 minime
1009 2504 1129 2565 tamen

119 2615 350 2690 excluduntur
384 2613 473 2684 aliae
504 2636 676 2711 personae
701 2637 816 2709 quae,
853 2610 938 2686 licet
963 2638 1129 2712 expresse

26 2794 29 2800 .
117 2762 189 2810 non
212 2746 449 2823 memoratae,
474 2745 593 2805 tamen
611 2722 1131 2832 revera'interpositaehaben.-

20 2898 27 2913 =
119 2857 183 2934 dae
221 2870 313 2932 sunt.
372 2855 594 2929 Praesumtio
626 2880 736 2948 vero,
771 2880 862 2954 quae
887 2852 1017 2927 talibus
1041 2882 1132 2955 per-

119 2981 213 3053 sonis
247 2977 431 3066 inhaeret,
468 3001 683 3075 quamquam
718 2976 935 3070 fortissima,
971 3002 1044 3049 non
1079 2989 1132 3050 est

118 3103 357 3206 praesumtio,
400 3127 490 3202 quae
537 3097 667 3173 dicitur
710 3101 734 3173 J
737 3100 811 3171 uris
856 3114 893 3175 et
934 3099 978 3174 de
1017 3101 1130 3190 Jure,

119 3255 209 3328 quae
243 3224 304 3328 (a)
342 3223 439 3298 nulla
473 3223 681 3323 probatione
705 3221 868 3322 indiget,
905 3250 972 3298 nec
994 3222 1130 3323 proba-

122 3449 163 3518 (1)
189 3446 227 3498 Ν
246 3444 262 3512 a
280 3445 340 3496 aaa.

122 3538 164 3607 (a)
190 3535 249 3593 1.1.
267 3552 299 3586 no
315 3535 378 3586 831.

121 3653 157 3705 (a)
213 3653 273 3691 Anu.
289 3650 346 3690 1352.
375 3649 404 3688 La
423 3646 576 3700 prdromption
595 3647 666 3701 ligate
687 3650 793 3701 dispenso
813 3649 916 3691 detenta
930 3661 1015 3702 preuva
1029 3647 1090 3688 celui
1104 3662 1131 3688 an

186 3727 255 3781 profit
269 3726 352 3776 duquel
366 3724 409 3764 elle
424 3723 506 3764 existe.
535 3725 601 3764 Nullo
616 3737 699 3776 prauus
714 3726 774 3764 n’est
788 3724 869 3764 admira
884 3733 962 3765 contra
976 3725 999 3764 ta
1012 3720 1129 3776 prdsonp·

187 3803 236 3842 tion
257 3801 283 3840 dc
303 3800 325 3838 la
343 3798 390 3846 lei,
410 3798 517 3850 lorsque,
539 3812 578 3838 sur
598 3800 620 3839 lc
635 3798 764 3839 sondement
778 3799 879 3839 dc'cctte
894 3799 1063 3852 presomption,
1085 3797 1127 3836 elle

186 3877 269 3916 annulo
291 3873 391 3913 ceruina
411 3881 470 3912 retes
491 3886 519 3912 ou
540 3871 606 3913 dinis
626 3874 720 3913 l'aetion
741 3887 769 3912 en
791 3872 890 3923 justice,
917 3872 929 3912 ὶ
949 3874 1020 3912 moins
1040 3871 1123 3924 qn'elle

188 3952 245 3992 n'rit
263 3945 354 3990 rdscrvd
372 3950 393 3988 la
412 3960 495 3999 prenve
515 3949 643 3997 contraire,
666 3957 688 3988 et
709 3949 758 3989 aaut
777 3962 801 3987 cc
821 3949 860 4000 qui
874 3963 922 3989 serr
936 3950 972 3988 dit
985 3962 1023 3988 sur
1036 3949 1057 3986 le
1072 3959 1122 3985 ser·

188 4032 249 4064 nent
262 4033 285 4063 et
298 4025 372 4063 l'rveu
385 4023 532 4073 Judiciaircs.
