2506 4852
534 395 585 481 tt

54 635 163 711 qnam
197 609 335 710 dequo
360 608 419 681 hic
444 609 724 708 egimussesmo
750 620 823 702 ost,
860 609 952 679 inter
978 630 1066 706 qnos

54 745 93 806 et
124 730 216 805 hunt
249 731 448 808 Articulum
485 710 596 830 igitur
630 731 736 803 liceat
771 728 968 828 analogiam
1001 755 1068 826 ag-

52 871 225 948 noscere,
259 877 350 955 ·guae
387 869 574 956 praeterea
607 853 747 953 patebit
777 855 815 925 in
841 851 1068 952 sequentibus

46 966 293 1077 ,Sectionibus

102 1105 229 1201 Neque
272 1113 409 1174 tantum
443 1115 588 1201 nepotes
621 1104 699 1200 jam
734 1102 807 1172 nati
839 1098 897 1173 hi'c
932 1096 1071 1170 intelli-

53 1221 162 1322 gendi
189 1235 291 1313 sunt,
317 1220 378 1295 sed
403 1237 458 1315 et,
485 1219 678 1296 secundum
704 1221 883 1320 cognitam
907 1219 1071 1318 regulam

54 1345 167 1418 etiam
202 1341 296 1442 apud
327 1370 390 1415 nos
425 1327 630 1444 receptam:
679 1349 863 1448 conceptum
894 1369 960 1446 pro
993 1348 1071 1414 nato

55 1463 186 1556 haberi,
222 1463 346 1566 quoties
379 1464 421 1537 de
455 1464 522 1566 ejus
555 1463 722 1538 commodo
746 1471 885 1565 agatur,
923 1462 972 1553 ii,
1010 1463 1072 1560 qui

55 1601 196 1662 tantum
230 1588 391 1687 concepti
416 1601 497 1660 sunt
523 1614 564 1661 eo
589 1601 751 1695 tempore
778 1610 848 1686 quo
873 1583 1072 1659 liberorum

51 1714 136 1811 jura
174 1710 317 1807 agnosci
349 1707 480 1781 debent
504 1708 588 1810 (l),
624 1708 728 1784 ‘verbi
754 1735 876 1782 causa:
909 1722 1072 1808 tempore

54 1832 221 1906 decessus
264 1832 412 1923 hinubi,
459 1830 555 1931 quod
601 1845 654 1904 est
689 1847 909 1905 momentum
943 1829 1074 1903 horum

56 1955 233 2027 honorum
267 1950 464 2027 divisionis.

111 2074 151 2148 Si
175 2080 282 2146 autem
303 2081 437 2164 contra,
473 2098 580 2146 omnes
600 2073 724 2178 prioris
744 2073 946 2148 matrimonii
964 2074 1057 2148 liberi
1064 2129 1075 2167 ,

61 2193 155 2268 nullm
189 2194 302 2268 relictis
326 2194 605 2289 descendentibus,
642 2196 766 2271 mortui
787 2205 864 2270 sunt
884 2205 958 2270 ante
981 2196 1078 2271 binu-
1128 2192 1141 2209 ⁸

62 2315 136 2388 bum
170 2313 297 2417 ejusque
331 2316 501 2418 conjugem
525 2320 730 2418 quaeritur:
768 2347 813 2391 aa
837 2328 940 2392 cessat
960 2318 1077 2422 despo-

60 2438 132 2512 sitio
167 2437 310 2512 Arta'culi
345 2438 473 2518 5098?
534 2438 753 2515 Affirmando
791 2437 1077 2540 respondendum

58 2559 214 2639 videtur.
286 2559 367 2639 Non
412 2565 507 2637 enim
547 2562 637 2638 haec
674 2564 889 2665 incapacitas
927 2561 1079 2637 donandi
1175 2569 1178 2578 '

60 2697 97 2758 et
132 2678 327 2785 accipiendi
362 2686 520 2786 injicitur
546 2685 778 2786 conjugibus,
815 2689 885 2759 nisi
911 2678 949 2758 in
974 2686 1080 2763 favo-

47 2831 138 2913 'rem
173 2808 306 2907 prioris
341 2808 497 2907 conjugii
524 2806 741 2884 liberorum.
807 2809 879 2902 Qui
912 2805 1024 2905 igitur
1050 2807 1080 2878 si

60 2929 200 3019 desint,
237 2928 343 3001 nullis
382 2929 516 3002 relictis
555 2928 872 3022 descendentibus,
911 2931 1079 3029 conjuges

60 3049 206 3122 omnino
245 3049 504 3149 'aequiparandi
552 3067 632 3125 sunt
680 3053 745 3145 iis,
793 3053 854 3151 qui
900 3077 1082 3147 nunquam

61 3171 249 3270 privignos
294 3171 508 3266 habuerint,
553 3186 590 3244 et
635 3172 839 3244 donationes
880 3196 967 3268 quas
1013 3170 1083 3244 sihi

62 3295 220 3371 invicem
253 3293 416 3366 fecerunt
448 3319 570 3365 rursus
597 3321 639 3367 ex
664 3295 688 3364 J
691 3321 754 3366 ure
782 3293 959 3366 communi
979 3290 1081 3392 judi-

62 3516 335 3536 —n-—dn——n

132 3639 198 3679 hisso
218 3639 230 3676 ὲ
248 3632 288 3677 sois
303 3635 368 3678 ttets
383 3641 455 3690 qn'un
470 3640 548 3679 enfans
563 3637 679 3691 ttgitim03
699 3640 720 3678 le
737 3641 808 3686 tien,
831 3642 869 3680 s'il
883 3641 950 3680 laissa
965 3642 1023 3680 deux
1038 3654 1080 3678 en·

134 3713 208 3760 saints,
222 3713 244 3751 le
259 3721 339 3765 quart,
355 3714 394 3753 s'il
408 3728 437 3755 cn
451 3714 517 3754 lsissc
534 3715 588 3753 trois
603 3729 631 3753 ou
645 3727 676 3754 un
691 3716 741 3764 plns
756 3717 826 3766 grand
840 3717 939 3754 nombre.

160 3785 221 3824 Ans·
234 3787 280 3828 914.
309 3787 364 3826 sont
385 3790 480 3840 compris
499 3790 551 3828 dans
569 3789 669 3828 l'article
685 3785 826 3839 prbcedent,
849 3803 899 3829 sons
913 3792 933 3829 ls
949 3802 998 3827 nom
1012 3791 1080 3826 d'en-

135 3861 209 3906 stnts,
231 3860 264 3898 les
284 3863 432 3903 descendants
451 3878 478 3903 on
493 3863 588 3914 quelque
604 3860 670 3914 degre'
686 3877 727 3914 que
742 3877 767 3902 co
781 3864 841 3911 ποίη
864 3862 995 3904 ntanmoins
1010 3863 1037 3900 il·
1053 3876 1080 3900 ne

135 3940 187 3973 sont
208 3932 306 3984 compte·
327 3949 369 3987 quc
391 3949 446 3986 pour
466 3937 564 3977 l'enssnt
581 3938 651 3988 qu’ils
673 3935 835 3988 reprtsentcnt
850 3939 902 3978 dans
918 3940 937 3977 la
952 3937 1081 3975 successiou

138 4012 168 4048 du
190 4010 314 4059 disposuit.
806 4012 808 4016 '

74 4108 115 4178 (1)
142 4107 265 4162 Gnsmn
283 4106 303 4157 l.
322 4106 340 4156 l.
