2506 4852
602 381 654 462 63

121 605 266 666 necesse
290 578 399 655 habet
422 581 515 654 infra
539 578 711 683 leqitimom
732 581 893 682 accipere
911 581 1129 682 portionem,

122 728 213 801 quae
247 701 320 775 sole
357 716 411 777 est
444 729 569 776 norma
607 701 800 777 secundum
831 729 938 803 quam
969 704 1131 803 accipere

121 837 239 923 potest
262 826 391 924 conjux
415 822 490 926 (l).

170 948 291 1040 Quum
325 949 437 1047 igitur
471 949 527 1023 illi
559 963 698 1023 tantum
729 948 884 1024 habeant
907 949 932 1022 J
933 975 974 1022 us
998 946 1131 1022 redue-

118 1068 225 1142 tionis
261 1068 456 1169 petendae,
492 1071 531 1143 in
565 1098 717 1172 quorum
752 1072 912 1149 favorem
944 1071 1132 1145 constituta

119 1207 194 1285 est,
231 1191 320 1266 haec
356 1194 447 1268 actio
472 1192 676 1301 deneganda
703 1208 756 1270 est
779 1209 854 1303 tam
877 1195 1011 1268 binubo
1035 1194 1131 1293 ipsi,

117 1317 184 1416 qui
218 1316 325 1390 nimis
359 1315 527 1410 dederit,.
555 1345 663 1419 quam
698 1319 811 1394 cuivis
846 1318 906 1392 elii
938 1343 1132 1417 personae,

119 1465 210 1538 quae
243 1465 315 1512 non
345 1441 429 1539 jure
462 1440 681 1516 hereditarie
716 1442 839 1533 venit,
883 1440 995 1517 veluti
1028 1439 1133 1537 lega·
1183 1513 1187 1520 ,

119 1562 234 1655 tario,
259 1560 441 1637 donatario
467 1577 505 1637 et
528 1562 709 1643 creditori.
762 1563 967 1639 Creditores
990 1576 1132 1654 tamen,

119 1687 182 1786 qui
229 1687 383 1785 probare
427 1701 574 1786 possunt
610 1716 671 1763 sua
711 1694 795 1789 jura
830 1689 962 1766 violata
999 1714 1074 1762 esse
1112 1715 1133 1761 a

118 1808 279 1900 inruho,
310 1811 447 1908 majore
472 1806 658 1882 donatione
683 1809 844 1884 facienda
862 1808 1020 1882 *secundo
1046 1835 1135 1881 con-

114 1929 196 2030 jugi
231 1954 312 2000 eum
335 1928 374 2001 in
397 1930 528 2021 finem,
566 1942 606 2003 ut
631 1928 802 2004 excedens
826 1956 910 2029 pars
936 1927 1133 2003 reductioni

121 2052 271 2126 obnoxia
315 2051 430 2144 foret,
475 2078 542 2125 nec
583 2054 777 2152 proficeret
811 2054 881 2127 nisi
915 2051 1132 2149 heredibus3

120 2172 182 2265 hi,
204 2174 372 2272 inquam,
398 2171 593 2247 creditores
618 2173 782 2248 audiendi
807 2173 994 2268 videntur,
1019 2201 1133 2275 prop-

122 2308 177 2368 ter
199 2294 402 2384 Ardcuium
427 2322 457 2371 c.
485 2322 516 2372 c.
547 2297 640 2372 1167
665 2293 739 2396 (2)
812 2314 814 2319 ”
1004 2339 1020 2391 t
1074 2338 1081 2352 ·

117 2545 390 2560 m

122 2684 166 2754 (1)
191 2681 376 2736 Drnrrrcounn
392 2692 459 2734 tom.
476 2682 501 2734 V
517 2701 546 2752 p.
563 2682 608 2734 45.

122 2774 165 2843 (2)
190 2770 330 2827 Dunirron
349 2773 408 2824 1.1.
426 2773 544 2838 110819,
564 2773 625 2824 820.

213 2866 273 2906 Διτ.
300 2866 358 2905 1167.
403 2865 443 2904 Lea
477 2860 607 2902 ertancim
638 2869 738 2912 penvent
761 2862 836 2909 nurui,
871 2875 899 2899 en
923 2862 973 2900 leur
1000 2873 1050 2899 nom
1076 2873 1130 2910 per-

187 2941 283 2988 oonnel,
309 2947 412 2990 attrqner
428 2941 462 2980 10·
482 2945 542 2978 teter
561 2937 616 2978 fait·
634 2951 675 2989 ptr
694 2938 745 2976 leni·
765 2933 871 2976 ddbitcur
889 2950 918 2976 en
937 2936 1015 2977 frunt·
1029 2936 1055 2976 de
1069 2936 1132 2974 leur·

188 3012 270 3051 droiu.
