2506 4852
561 401 586 482 3

71 627 132 675 nes
159 606 344 705 'conjuges
384 602 542 680 binubos
575 603 702 682 iisdem
737 608 877 709 legibus
906 609 1075 710 subjecit.

70 723 178 822 Legis
216 725 460 826 dispositiones
473 754 476 759 ’
491 728 561 802 huc
585 728 801 828 pertinentes
825 745 1015 804 occurrunt
1039 732 1078 805 in

54 832 181 920 'tinnis
203 848 266 922 de
264 848 421 954 Nuptis,
447 849 487 923 de
510 849 690 944 Dioortr'o,
715 850 755 924 de
779 851 902 925 Paean
921 860 1078 957 potestate

69 983 105 1042 et
135 969 176 1043 de
209 970 345 1059 Tutrlo;
378 971 530 1072 denique
555 986 592 1046 et
615 975 654 1046 in
677 974 780 1098 titulo
806 972 850 1047 do
867 972 1080 1049 Donationi-

68 1089 125 1166 bus
150 1100 182 1166 et
206 1093 426 1172 Testamenti&

115 1218 208 1290 Ante
234 1217 351 1290 omnia
377 1231 494 1291 autem
520 1217 758 1293 definiendum
785 1233 859 1311 est,
883 1232 1079 1319 quaenam,

68 1337 150 1411 hoo·
182 1338 282 1430 loco,
330 1341 476 1438 nuptiae
521 1343 666 1440 proprie
709 1341 866 1414 seorudae
903 1339 1076 1416 dicentur.

70 1460 183 1549 Licet
205 1461 301 1533 enim
336 1462 450 1534 omnis
485 1460 643 1535 definitio
673 1462 714 1534 in
737 1463 762 1536 J
766 1488 829 1535 ure
853 1463 953 1538 civili
976 1463 1080 1563 peri-

69 1582 184 1655 culosa
219 1581 381 1655 habenda
406 1583 452 1655 sit
477 1582 560 1686 (l),
587 1582 799 1683 argumenti
824 1595 944 1656 tamen
967 1582 1082 1655 nostri-

68 1705 144 1804 ipsa
176 1705 268 1777 ratio
303 1705 482 1804 postulare
516 1704 680 1799 videtur,
711 1721 752 1780 ut
785 1720 946 1781 accurate
982 1703 1082 1798 indi-1¹

69 1835 188 1925 cemus
219 1833 394 1928 quaenam
418 1829 562 1927 nuptiae
575 1831 605 1920 ‚³
620 1829 687 1900 hoc
711 1829 813 1921 loco,
849 1829 996 1904 anobis
1020 1855 1083 1901 se-

69 1948 203 2043 cundae
225 1961 411 2026 vocantur.
459 1951 541 2025 Non
565 1962 704 2023 tantum
723 1949 808 2022 iliae
828 1947 1082 2048 intelligendae

70 2087 171 2162 sunt,
208 2099 295 2172 quas
330 2073 409 2171 quis
440 2069 567 2144 ordine
591 2068 759 2143 secundas
784 2071 981 2164 contrahit,
1018 2069 1083 2146 sed

73 2207 109 2265 et
144 2195 271 2273 tertiae
304 2218 457 2267 numero
487 2207 522 2268 et
546 2207 693 2293 quartae
717 2192 896 2267 interdum
919 2193 989 2267 hoo
1011 2219 1082 2268 no-

71 2314 165 2387 mine
187 2329 403 2389 ,occurrunt
446 2311 520 2415 (2).
590 2317 726 2389 Contra
763 2331 882 2389 autem
918 2314 1082 2390 accidere

69 2449 185 2536 potest
215 2449 255 2509 ut
286 2435 479 2528 secundae,
514 2436 680 2528 tertiae,.
696 2449 842 2537 quartae
866 2462 936 2510 non
960 2439 1082 2511 conti}-

68 2573 217 2634 aeantur
232 2618 237 2629 .
253 2561 397 2633 nomine
432 2559 644 2635 secandarum
680 2560 866 2664 nuptiarum
899 2573 936 2633 et
954 2558 1080 2660 'prae-

68 2695 167 2756 terea
194 2694 338 2783 'quoque
359 2682 501 2773 evenit,
535 2695 576 2754 ut
598 2683 676 2781 quis
698 2683 815 2783 prima
840 2684 918 2758 vice
939 2683 1080 2782 nuptias

68 2806 181 2880 iniens
207 2809 284 2906 jam
313 2805 487 2879 habeatur
519 2805 674 2878 secandas
701 2806 925 2882 contraxisse.
986 2807 1079 2880 Tota

70 2943 189 3003 autem
224 2928 384 3055 quaestio
416 2925 486 2999 huc
519 2923 634 3018 redit,
671 2953 716 3017 en
737 2928 889 3028 nuptias
915 2941 1080 3001 contrac-

68 3065 171 3124 turus
202 3051 280 3149 jam
314 3046 447 3122 liberos
482 3074 526 3123 ex
556 3047 638 3147 lege
674 3074 894 3122 successuros
927 3048 1077 3138 habeat,

68 3179 135 3249 nec
169 3199 236 3263 ne,
271 3172 403 3271 quippe
437 3172 474 3242 in
507 3196 659 3270 quorum
684 3156 901 3243 solummodo
926 3169 1080 3289 gratiam

70 3298 156 3370 istae
176 3293 340 3395 nuptiae
377 3305 448 3365 tot
467 3288 697 3393 ambagibus
706 3252 958 3415 circumdatae
982 3304 1077 3414 spart.

69 3418 222 3518 Nuptiae
248 3414 408 3518 proinde
418 3415 575 3490 secundae
572 3354 844 3515 idtelli'gendde
863 3390 942 3487 sunt
964 3396 1079 3515 quan-

69 3540 114 3615 do
139 3539 456 3615 contrahentium
440 3565 525 3638 Jura
538 3542 757 3619 coercentur
777 3538 920 3638 juribus
941 3550 977 3612 et
998 3539 1079 3637 pri-

72 3905 424 3981 mimonas

48 4002 112 4069 (2)
128 3996 157 4051 l
184 4000 201 4050 6
227 3996 259 4051 O.
285 3996 318 4049 ιιι
345 3986 462 4048 secunde
471 3988 567 4066 Nopt
602 3993 708 4048 Mrem
732 3990 839 4066 Repett.
865 3966 911 4046 t'n'·
920 3968 983 4046 root
990 3966 1077 4046 traces

136 4093 264 4144 soconda.
369 4132 373 4139 .

921 4181 966 4246 ,ι
