2506 4852
440 331 446 344 .·
512 332 592 347 ·¹·.1v
634 323 671 399 ae8
720 334 724 348 ς

155 546 246 621 quae
280 519 562 620 procreationem
596 519 815 613 liberorum,
851 521 1006 624 adeoque
1032 550 1161 598 secun-

155 641 215 715 das
252 638 393 742 nuptias
416 643 671 742 prohiberent,
709 645 768 720 vel
793 641 1006 721 difficiliores
1031 647 1162 722 redde-

154 777 247 841 rent.
410 857 412 860 Α

201 887 249 961 At
280 913 368 962 vero
399 913 510 986 quum
533 888 753 962 testamentis
778 915 881 989 saepe
906 890 1023 991 legata
1050 891 1163 965 relin-

153 1023 346 1108 querentur
384 1009 448 1080 suh
487 1007 686 1084 conditione
722 1037 767 1084 ne
805 1027 981 1110 superstes
1008 1011 1052 1086 ad
1077 1012 1162 1086 alias

152 1131 320 1203 transiret
353 1132 516 1229 nuptiaS,
537 1132 610 1205 ‘lex
644 1133 668 1204 J
670 1132 741 1206 ulia
775 1133 935 1207 Miscella
961 1159 1042 1208 mox
1066 1134 1163 1206 hisce

153 1251 411 1326 conditionibus
442 1254 664 1354 prospexisse
690 1253 854 1348 videtur,
891 1269 1045 1330 statuens
1071 1253 1165 1354 quod

52 1425 57 1442 .
152 1375 183 1448 si
214 1376 384 1448 mulieres
407 1376 543 1450 vellent
566 1378 727 1478 accipere
752 1377 869 1477 legata
895 1377 1077 1450 emeritis
1103 1403 1166 1449 re-

151 1497 259 1590 licta,
306 1511 342 1570 et
377 1511 496 1572 tamen
534 1498 578 1572 ad
615 1500 683 1573 alia
718 1501 876 1598 migrare
914 1512 1016 1590 vota,
1063 1512 1164 1574 antea

148 1621 313 1718 jurarent
335 1645 480 1718 scopum
502 1604 647 1692 unicum
667 1602 794 1693 harum
817 1623 1050 1720 repetitarum
1070 1647 1165 1720 nup-

152 1741 283 1813 tiarum
310 1767 384 1814 esse
409 1742 694 1840 procreationem
718 1742 873 1815 filiorum
900 1741 974 1843 (l).

201 1862 273 1938 Sed
296 1865 388 1938 haec
409 1865 466 1938 lex
492 1852 659 1963 antiqua,
696 1878 858 1954 vetusta,
896 1865 1087 1962 ambigua,
1125 1879 1165 1935 ut

153 1986 196 2060 ab
242 1988 265 2058 J
268 1987 441 2059 ustiniano
456 1999 656 2075 ,avocatum
696 1983 751 2057 ab
796 1981 921 2071 eodem
957 1982 1164 2075 emendata,

151 2107 255 2179 titulo
282 2108 409 2196 citato,
436 2118 472 2178 et
491 2118 677 2205 praeterea
698 2131 778 2177 cum
798 2105 1041 2179 emendatione
1055 2106 1165 2179 abro-

152 2244 234 2329 gata
270 2228 384 2302 estin
410 2225 504 2300 dicta
528 2227 677 2303 Novella
703 2228 815 2327 Capp.
842 2230 889 2302 43
916 2242 951 2301 et
976 2231 1035 2303 11.
1095 2229 1165 2300 Ju-

148 2351 391 2452 -risprudentia
430 2355 596 2426 Romana·
622 2350 688 2425 hac
722 2351 795 2423 sola
827 2351 920 2447 lege·
943 2350 1040 2423 Julia
1072 2352 1165 2425 Mis-

145 2475 243 2561 -cella
269 2487 432 2548 contenta
456 2457 564 2546 fuisse
589 2471 754 2562 videtur,
780 2470 976 2571 usquedum
998 2471 1061 2545 sub
1086 2476 1167 2546 Im-

151 2596 377 2696 peratoribus
421 2594 626 2669 nonnullae*
654 2593 808 2692 majoris
842 2595 1030 2668 momenti*
1052 2595 1164 2668 factae

154 2731 235 2790 sunt
256 2717 479 2793 mutationes.
529 2717 553 2788 J
555 2714 750 2788 ustinianus
772 2716 850 2816 ipse
873 2717 923 2789 ita
949 2717 1061 2789 refert
1080 2714 1163 2816 (2):

144 2867 175 2912 a>
185 2839 386 2937 Antiquitas
413 2836 578 2939 equidem
601 2862 671 2910 non
697 2837 780 2910 satis
805 2836 1004 2936 aliquidde
1029 2838 1166 2938 priori-

144 2961 252 3035 :uhus
291 2975 351 3037 aut
371 2959 549 3066 'secundis
574 2959 889 3059 perscrutabatur*
906 2961 1059 3060 nuptiis:
1105 2960 1167 3037 sed

153 3082 318 3189 »licebat
338 3098 375 3157 et
396 3081 557 3182 patribus
580 3096 616 3154 et
636 3081 810 3161 matribus
833 3096 868 3155 et
893 3081 937 3155 ad
955 3083 1076 3182 plures
1099 3109 1167 3156 ve-

154 3207 265 3281 »nire
296 3207 437 3307 nuptias
468 3219 504 3279 et
525 3205 622 3278 nullo
644 3205 784 3305 privari
797 3205 948 3278 'lucroz‘'
962 3232 1065 3281 causa
1091 3218 1168 3278 erat

144 3328 225 3405 .»'in
256 3329 483 3426 simplicitate
502 3328 672 3405 confusa.
732 3327 880 3426 Majoris
901 3341 1018 3401 autem
1043 3330 1074 3403 T
1078 3326 1168 3400 heo-

144 3449 279 3545 }ndosii
308 3449 546 3550 temporibus
570 3448 721 3549 amplior
758 3448 954 3524 sollicitudo
992 3449 1084 3522 facta
1115 3464 1168 3524 est

160 3825 201 3893 (1)
227 3824 291 3874 vid.
318 3822 372 3874 Tit.
399 3821 431 3875 C.
457 3822 490 3873 de
513 3821 617 3874 Indicta
643 3824 774 3876 viduitate
797 3821 916 3874 tollenda
943 3834 968 3875 et
986 3824 1054 3877 Nor.
1072 3824 1165 3890 xxll,

225 3917 258 3968 C.
276 3917 321 3968 43.
358 3942 360 3947 ·
503 3933 504 3937 ¹
960 3943 963 3947 ·

160 4009 200 4076 (2)
225 4007 293 4060 Nor.
312 3988 386 4059 ixl!
405 4009 433 4057 in
450 4007 624 4077 praefatione.
