2506 4852
603 325 655 408 50

122 528 254 604 veluti:
311 532 342 604 si
389 533 427 605 in
473 532 674 606 contusione
724 531 911 605 mobilium
955 544 992 607 et
1035 534 1128 607 aeris

123 647 229 724 alieni
265 652 405 752 (confer
441 653 618 728 Articulos
657 653 748 730 1401
782 669 818 728 et
845 655 956 751 1409)
983 654 1129 729 illorum

121 775 258 874 major,
299 774 404 877 hujus
445 791 563 850 autem
604 777 722 850 minor
763 803 845 877 pars
883 778 989 852 allata
1027 778 1074 850 sit
1109 806 1129 851 a

120 895 280 994 binub03
315 899 375 976 vel
406 899 435 972 si
461 899 672 1000 (secundum
694 902 774 977 Art.
803 900 914 997 1525)
948 901 1131 1001 superstiti

121 1023 314 1120 conjugum
344 1020 584 1095 concedantur
619 1023 736 1097 omnia
779 1022 978 1095 communia
1012 1022 1130 1118 bona3

122 1140 183 1216 vel
226 1141 256 1213 si
291 1169 335 1217 ex
369 1140 413 1216 iis
448 1144 664 1244 praecipiat·
687 1157 822 1220 certam
855 1157 998 1245 partem
1032 1148 1132 1243 (utut

121 1265 316 1365 explicatur
341 1268 512 1344 Articulis
538 1272 632 1348 1515
656 1283 693 1344 et
717 1267 853 1365 1525),
879 1284 915 1344 et
938 1271 977 1341 in
994 1267 1050 1341 his
1068 1296 1129 1341 ca-

120 1387 218 1460 sibus
249 1403 427 1489 superstes
451 1390 499 1464 sit
522 1391 694 1465 secundus
718 1395 856 1490 conjux.
915 1389 1129 1490 Hujusmodi

120 1513 393 1606 couventioneS,
427 1517 589 1615 quamvis
623 1515 704 1613 lege
729 1513 900 1587 admissae
924 1515 1019 1587 iuter
1045 1540 1131 1587 con-
1152 1566 1153 1570 =

116 1636 222 1732 juges
263 1637 374 1735 primi
416 1637 659 1730 matrimonii,
705 1638 853 1711 minime
898 1635 1132 1710 admittuntur

118 1755 289 1830 Articulis
316 1759 410 1833 1496
435 1757 614 1850 et1527,
639 1759 669 1831 si
694 1757 809 1833 adsint
831 1758 1003 1859 privigni.

171 1879 366 1979 Opiniones
395 1892 560 1957 veterum
582 1883 742 1953 Ictorum
762 1881 1038 1971 Francicorum,
1072 1883 1132 1959 in÷

118 2000 245 2100 primis
267 2000 494 2076 celeberrimi
513 2003 763 2093 Porfflaan,
782 1999 963 2100 paulisper
983 1998 1131 2076 differe-

118 2122 207 2196 bant
226 2122 272 2196 ub
291 2121 484 2200 hodiernis.
536 2125 794 2197 Porurnnrus
817 2123 912 2196 euim
930 2122 1045 2197 noluit
1065 2151 1131 2224 ag-

118 2268 289 2336 noscere,
320 2243 415 2344 quod
444 2271 489 2318 ex
510 2243 712 2317 confusione
736 2243 923 2317 mobilium
946 2259 1130 2319 unctorum

119 2380 158 2440 et
181 2365 273 2440 aeris
297 2365 403 2439 alieni
427 2367 616 2457 contracti,
642 2380 754 2440 stante
771 2367 1016 2460 matrimonio,
1042 2368 1130 2441 oriri

120 2500 239 2589 posset
272 2488 412 2562 lucrum
442 2489 481 2560 in
504 2486 667 2562 favorem
692 2486 834 2560 secundi
860 2489 1018 2589 conjugis
1043 2516 1130 2561 con-

120 2631 177 2688 tra
207 2589 412 2713 'praecepta
446 2610 549 2709 legis.
618 2609 719 2684 Dixit
754 2609 1009 2684 celeberrimus
1044 2612 1129 2704 ille,

121 2734 342 2809 confusiones
364 2745 526 2832 tempore
549 2745 810 2834 contractarum
828 2734 1034 2832 nuptiarum
1054 2735 1131 2809 fao-

120 2872 196 2948 tas,
233 2852 368 2954 aliquid
401 2854 490 2928 certi
520 2853 697 2955 praebere
722 2868 759 2929 et
783 2852 1011 2928 determinati
1022 2886 1034 2951 3
1071 2836 1140 2928 hi.'

122 2980 258 3055 nubum
301 3001 411 3070 vero,
459 2977 624 3076 stipulata
668 2979 912 3054 communione
955 2981 1131 3053 bonorum

122 3100 365 3204 praesentium
395 3113 432 3174 et
455 3101 678 3194 futurorum,
712 3100 859 3175 minime
884 3103 1022 3175 censeri
1046 3129 1132 3202 pos-

124 3251 184 3319 se,
224 3225 377 3302 roluisse
415 3221 582 3297 ditiorem
619 3202 769 3298 reddere
805 3224 994 3323 conjugem
1029 3250 1132 3299 suum

124 3348 155 3438 si
187 3344 248 3421 bic
271 3360 393 3444 postea
405 3399 417 3438 ,
454 3359 566 3419 stante
590 3346 817 3419 matrimonio
829 3400 841 3437 ,
876 3346 1014 3420 minora
1038 3346 1132 3421 bona

124 3469 303 3570 acciperet
324 3468 368 3542 ab
390 3469 565 3543 extraneis
587 3470 648 3545 rel
667 3497 686 3543 e
705 3469 992 3546 successionibus.
1029 3472 1131 3546 Hauc

124 3618 212 3668 vero
246 3591 449 3691 opinionem
483 3589 660 3690 legislatio
695 3605 814 3664 nostra
850 3616 920 3665 nou
952 3590 1130 3684 admittit,

124 3715 177 3787 uti
215 3712 351 3788 abunde
387 3724 423 3786 et
440 3712 552 3787 clare
586 3711 688 3788 docet
719 3717 1025 3791 DuaAnroNuus
1051 3717 1076 3792 l.
1103 3716 1128 3791 l.

123 3850 174 3910 n0'
194 3836 278 3912 807.
327 3833 507 3908 Articulus
535 3835 629 3912 1527
654 3834 785 3935 absque
809 3835 882 3910 ulla
907 3835 1129 3910 distinctione

123 3985 265 4033 omnem
290 3957 457 4058 prohibet
481 3958 749 4036 conventionem
775 3958 866 4059 »qui
886 3958 1026 4033 teudroit
1047 3958 1129 4031 daus
