2506 4852
568 404 663 419 *α

578 657 653 740 lV.

164 860 358 960 Adoptivus
398 860 491 933 filius
537 865 595 960 jus
645 858 858 934 reductionis
910 863 1003 964 (Art.
1049 864 1125 936 923

117 1009 146 1058 c.
183 980 234 1077 c.)
270 1009 434 1057 exercere
470 1009 540 1056 non
564 996 703 1081 potest,
740 984 808 1054 nisi
833 984 870 1054 in
895 980 1123 1072 donationes,

116 1132 205 1204 quae
241 1120 321 1205 post
357 1104 578 1204 adoptionem
614 1106 811 1203 perfectam
835 1105 947 1179 factae
972 1119 1053 1178 sunt
1077 1105 1124 1177 ab

120 1226 316 1326 adoptante.

591 1477 644 1559 V.

166 1680 363 1753 hienimum
394 1677 585 1751 discrimen
609 1677 703 1750 inter
730 1677 965 1752 'conditionem
988 1678 1133 1777 legata-

120 1803 255 1874 riorum
289 1801 542 1876 universalium
577 1804 672 1903 (Art.
702 1799 838 1896 1003),
876 1816 911 1875 et
935 1801 1133 1900 legatario-

120 1951 200 1995 rum
247 1924 350 1997 titulo
398 1923 590 2000 universali
633 1925 728 2019 (Art.
771 1919 906 2017 1010),
952 1934 1005 1994 est
1039 1921 1131 1994 hoc:

120 2046 213 2145 quod
258 2048 350 2120 inter
393 2045 457 2118 hos
493 2073 562 2119 non
599 2046 757 2120 obtineat
788 2049 847 2144 jus
884 2043 1132 2136 accrescendi,

122 2198 191 2270 quo
226 2184 370 2243 utuntur
406 2171 481 2263 illi,
509 2172 630 2243 etiam
665 2171 694 2241 si
730 2166 844 2242 adsint
877 2167 1026 2242 heredes
1063 2165 1134 2241 de-

107 2292 257 2383 functi,
291 2292 419 2389 quibus
446 2290 616 2366 debeatur
640 2293 759 2391 portio
783 2291 954 2389 legitima.

584 2590 662 2671 Vl.

92 2785 97 2790 “
174 2775 272 2844 Inter
299 2767 454 2843 defuncti
478 2769 611 2841 liberos
636 2769 813 2842 naturales
839 2770 1000 2868 agnitoS,
1029 2769 1136 2842 simul

126 2893 170 2967 ad
193 2891 426 2970 hereditatem
453 2889 677 2966 dividendam
704 2905 868 2983 uocatOS,
902 2891 1040 2964 collatio
1065 2889 1136 2963 bo-

125 3041 252 3089 norum
277 3041 345 3087 non
371 3016 518 3088 obtinet.

576 3311 674 3394 Vll.
806 3356 809 3363 ·

175 3524 249 3611 Ea,
297 3544 386 3618 quae
429 3517 534 3589 liberi
582 3516 769 3615 acquirunt
805 3516 841 3588 vi
875 3512 1027 3588 A'rticuli
1065 3504 1155 3591 305'

130 3673 159 3719 c.
206 3670 259 3734 e,
307 3641 483 3714 collationi
531 3640 680 3714 obnoxia
728 3666 797 3711 non
842 3652 942 3729 sunt,
989 3637 1056 3709 nisi
1102 3639 1139 3710 in

129 3776 299 3865 quantum
314 3822 316 3827 .
334 3762 500 3864 superant
533 3763 733 3864 portionem
768 3762 964 3851 honorum,
999 3757 1043 3833 de
1056 3786 1139 3860 ,qua

130 3887 242 3960 libere
281 3884 465 3995 disponere
499 3885 655 3986 potuerit
680 3883 864 3958 defunctus
891 3909 1030 3982 parens,
1061 3882 1137 3958 scil.

132 4011 162 4083 si
197 4010 353 4088 omnium
384 4011 558 4134 bonorum
583 4035 726 4086 suorum
751 4004 912 4086 dominus
937 4006 1140 4082 mansisset.
