2536 4860
613 354 801 435 12.

130 558 295 648 nimum,
329 573 375 629 ex
408 554 521 630 omni.
535 553 757 655 legislatione
791 554 1029 629 confinionem
1063 556 1135 627 tol-

128 680 204 753 lere
239 677 475 780 cupientem‚·
499 676 567 752 bao
591 702 731 779 quoque
756 677 920 778 inpane
945 675 990 750 de
1004 678 1136 751 -Jnris-

126 798 324 903 prudentia
340 803 475 902 optime
499 801 670 876 meritum
693 827 780 878 esse.
843 801 972 875 Omnia
996 801 1035 873 in
1058 803 1136 877 No-

124 924 260 1001 nellam
294 926 412 1001 XXII
444 914 613 1025 colligens
638 935 674 997 et
697 923 810 997 multa
835 921 1025 997 emendans
1049 920 1135 1023 (1),

127 1048 270 1123 facilem
302 1063 341 1122 et
373 1049 578 1149 regularem
606 1048 775 1149 praebuit
799 1047 1016 1138 doctrinam,
1052 1045 1137 1146 plu-

124 1170 227 1246 ribus
250 1184 437 1273 praeterea
461 1171 699 1248 sanctionibus
725 1186 863 1248 auctam
888 1168 963 1271 (2).

557 1588 711 1626 ¹*-

463 1848 672 2015 ='saeuo
707 1902 767 1984 11.

321 2137 386 2189 De
409 2135 511 2189 June
535 2137 695 2203 antequa
719 2136 935 2191 Frunoleo.

580 2321 678 2334 -n

126 2535 131 2545 ¹
175 2495 274 2574 Olim
285 2520 306 2587 ‚·
333 2521 414 2569 cnm
437 2495 610 2586 Francia,
643 2496 779 2567 ratione
805 2496 829 2568 J
831 2495 1134 2595 urisprudentiae,

123 2620 163 2692 in
200 2617 285 2691 duas
319 2615 433 2691 adbuc
459 2632 578 2718 partes
604 2616 717 2692 divisa
743 2630 843 2711 erat,
881 2621 1002 2695 variae
1028 2623 1135 2696 etiam

124 2738 270 2814 secundi
301 2739 534 2813 matrimonii
580 2754 681 2813 erent
726 2766 870 2839 paenae.
942 2744 1002 2816 In⁴
1032 2743 1134 2842 regni

125 2862 311 2962 pertibus,
345 2861 421 2935 ⁴ubi
467 2865 492 2936 J
494 2887 534 2934 ns
568 2862 740 2961 scriptum
777 2863 924 2962 vigebat
960 2867 1063 2968 (pays
1095 2865 1135 2938 de

125 2983 214 3059 droit
247 2980 341 3079 e'orit)
377 2986 557 3058 Romanae
591 2983 689 3083 leges
722 3013 742 3057 a
777 2987 800 3058 J
802 2987 976 3061 ustiniano
1008 2986 1135 3062 redac-

125 3120 184 3183 tae
221 3107 501 3183 observabantur
539 3121 575 3180 et
608 3108 683 3182 vim
716 3110 947 3183 exercebant:
985 3109 1053 3183 boc
1077 3124 1135 3183 ta-

123 3258 210 3307 men
247 3259 328 3306 cum
363 3230 566 3306 discrimine
601 3231 696 3332 quod
730 3233 875 3308 infamia
905 3234 930 3311 l.
968 3237 985 3309 l
1021 3236 1062 3310 C.
1094 3235 1134 3308 de

129 3353 201 3429 See.
227 3353 330 3458 Napi.
348 3367 543 3431 memorata
561 3382 739 3455 nunqnam
759 3357 1000 3457 irrogaretur,
1025 3356 1133 3456 quip-

126 3501 172 3576 pe
196 3475 402 3576 quaeJure
426 3477 604 3550 Canonico
629 3477 766 3552 sublata
791 3490 884 3552 esset
908 3475 981 3578 (3)

130 3870 172 3938 (1)
198 3868 278 3919 viad.
297 3866 382 3937 Gapp.
401 3868 452 3932 26,
472 3867 525 3932 28,
545 3867 597 3931 29,
617 3868 659 3918 32.

130 3961 171 4027 (2)
197 3958 280 4010 vidd.
299 3956 384 4027 Capp.
403 3958 454 4025 22,
472 3958 524 4021 30,
544 3958 595 4022 31,
614 3960 658 4009 35.

131 4052 171 4118 (3)
198 4049 260 4100 vid.
279 4048 381 4099 Eraria
400 4065 426 4099 r.
445 4045 531 4099 Noeer
549 4064 601 4099 seo.
622 4049 637 4114 ᾗ
657 4047 682 4097 1.
701 4048 747 4098 lv.
