2506 4852
505 345 738 458 ‘m'

170 579 214 653 In
236 576 480 677 regionibus,
526 575 589 648 ubi
628 572 905 650 consuetudines
939 572 1126 665 valebant,

45 791 47 794 y
122 703 223 804 (pays
264 695 471 794 coutumiers)
483 751 494 791 ‚
540 697 661 773 variae
704 694 988 796 multiplicesque
1027 708 1129 768 erant

121 850 267 924 poenae.
328 825 497 924 Quaeque
530 824 636 896 enim.
656 824 732 896 fere
756 823 940 922 provincia
965 847 1043 894 suas
1068 847 1127 893 se-

119 947 296 1045 quebatur
322 946 611 1039 consuetudines,
645 962 744 1048 qnae‘
760 945 865 1019 modo
890 946 1044 1020 maxime
1069 945 1129 1016 in-

119 1082 175 1142 ter
222 1095 259 1142 se
306 1067 540 1161 differebant,
586 1068 704 1143 modo,
726 1068 829 1144 valde
867 1069 936 1141 sibi
972 1066 1128 1142 invicem
1208 1081 1217 1099 ‘

119 1191 387 1269 conveniebant.
438 1193 681 1267 Plurimarnm
710 1205 828 1266 autern
853 1189 1048 1265 communis
1066 1202 1128 1262 rest

118 1314 221 1412 origo
233 1341 244 1409 3
281 1339 349 1413 pro
384 1327 488 1414 parte
526 1315 623 1387 enim
655 1313 799 1388 haustae
824 1326 905 1385 sunt
929 1339 973 1386 ex
998 1310 1130 1384 decisi-

119 1434 245 1506 onibus
304 1434 394 1534 legis
445 1439 646 1527 Romanae,
700 1435 738 1507 in
778 1433 985 1535 regionibus
1030 1432 1130 1506 Juris

119 1556 245 1655 scripti
289 1557 412 1649 factis,
451 1563 528 1630 nec'
549 1583 619 1630 non
652 1583 719 1656 pro
751 1570 855 1657 parte
879 1582 935 1631 ,ex
970 1554 1131 1627 moribus

88 1670 89 1674 ¹
116 1675 276 1778 propriis
302 1689 338 1748 et
361 1676 500 1776 legibus
525 1679 675 1752 aliarum
700 1679 859 1778 gentium
885 1674 959 1778 (l).
1011 1680 1067 1750 Ita
1091 1688 1132 1748 ut

41 1877 45 1894 x
117 1825 248 1898 magna
277 1799 436 1870 confusio
456 1797 591 1872 hinc
562 1825 655 1873 circa
674 1803 758 1900 jura
783 1797 1016 1872 secundarum
1036 1823 1132 1896 nup-

116 1921 250 1994 tiarum
269 1919 319 1994 in
348 1920 500 1996 Francia
528 1920 646 1994 locum
677 1907 839 1996 haberet.
913 1922 916 1927 ’

169 2040 265 2115 Sub
281 2065 392 2140 regno
427 2041 610 2146 Francisci
643 2044 682 2116 II
716 2041 805 2115 baec
830 2042 989 2139 confusio
1012 1994 1132 2115 muta-

61 2206 66 2215 ·
124 2163 273 2239 tionem
280 2162 412 2259 subiit3
438 2172 580 2238 necesse
607 2163 701 2237 enirn
724 2176 826 2256 erat,
851 2163 1025 2238 Galliae
1014 2189 1133 2263 impe-

123 2284 276 2359 rium-‚in
301 2283 410 2359 hocce
443 2286 559 2385 capite
585 2283 720 2359 eisdem
744 2286 969 2385 generalibus
994 2284 1133 2384 guber-

122 2408 200 2481 nari
215 2407 385 2512 'legibus3
410 2422 447 2482 et
472 2407 614 2482 celeber
635 2407 874 2482 Cancellarius
894 2410 1132 2483 n'HorrrAn

121 2555 211 2605 anno
240 2532 333 2606 1560
359 2543 481 2604 auctor
507 2542 585 2604 erat
604 2526 743 2621 Edico,
769 2528 827 2601 cui
849 2527 1056 2600 inscribitur
1076 2527 1134 2600 des

124 2649 283 2728 secandas
313 2648 439 2743 Nocet,
472 2653 571 2752 cujus
597 2650 797 2725 auctoritati
823 2647 1134 2749 adstringebantur

121 2773 198 2845 fere
236 2799 358 2845 omnes
374 2811 377 2816 ·
394 2785 514 2872 partes
550 2772 742 2864 Franciae‚
777 2772 868 2845 sicut
891 2785 975 2844 tunc
1001 2769 1135 2842 consti-

29 2882 32 2893 *
120 2908 213 2969 tuta‘
233 2907 310 2967 erat
344 2895 419 2992 (2)
476 2890 642 2980 Edictum
664 2892 733 2966 hoc
757 2891 892 2966 duabus
918 2891 1032 2968 divisa
1057 2891 1151 2967 erat¹

121 3014 284 3115 partibus
309 3015 384 3090 sive
411 3014 618 3114 Capitibus,
655 3015 792 3089 Gallice
818 3012 920 3114 Chasa
945 3013 1071 3106 dictis,
1096 3015 1134 3087 in

121 3163 212 3237 quae
247 3137 438 3236 praecipua
475 3137 651 3237 principia
686 3139 711 3208 J
712 3137 787 3208 uris
811 3135 970 3210 Romani
991 3148 1134 3235 recepta

115 3271 235 3337 erant.
294 3258 461 3332 Primum
496 3259 612 3357 Caput
632 3255 844 3336 continebat
868 3254 1133 3355 dispositionem

123 3379 214 3478 legis
248 3383 290 3464 61
309 3379 350 3454 G.
387 3376 428 3453 de
465 3376 537 3454 See.
569 3376 696 3483 Nupt.‚
730 3375 782 3460 ⁴de
819 3378 982 3479 portione
1025 3404 1133 3479 quam
1240 3361 1243 3382 ³

123 3500 298 3577 secundus
337 3501 487 3575 maritus
518 3529 578 3576 <ex
619 3499 862 3586 facultatibus¹
884 3501 1002 3576 uxoris
1048 3495 1131 3574 suae

122 3779 385 3795 *—

128 3944 168 4012 (1)
195 3941 257 3992 Vid.
275 3941 380 3993 launa
398 3940 417 3990 1.
435 3941 453 3992 Ι.

128 4035 169 4101 (2)
194 4033 299 4084 lanua
317 4032 336 4082 l.
355 4032 373 4081 l.
